1774 3036
873 167 927 208 28

180 304 484 358 ἀπογραψαιμι
518 305 587 345 τὸν
625 303 790 357 πατέρα
826 304 895 346 τὸν
929 305 1114 356 ἐμαυτοῦ
1149 303 1334 359 παρόντα
1370 306 1440 348 καὶ
1476 306 1606 359 γενοί-

179 395 262 431 μην
307 378 489 432 μηνυτὴς
546 377 659 421 κατὰ
705 381 778 421 τοῦ
823 379 979 433 πατρὸς
1030 382 1102 422 τοῦ
1140 380 1341 432 ἐμαυτοῦ.
1415 380 1606 427 Potestne

179 453 330 512 aliquis
359 452 582 513 frigidius?
642 451 756 497 Nihil
784 459 926 498 tamen
950 452 1022 498 ille
1051 452 1202 499 melius
1231 456 1252 511 §
1288 455 1357 507 17,
1391 470 1518 514 quem
1545 456 1606 501 lo-

184 543 283 572 cum
313 527 440 572 modo
469 526 638 572 adduxi.

239 601 353 656 Quid
382 600 580 645 differant
609 599 729 653 νόμος
760 607 802 645 et
830 602 1063 656 ψήφισμα,
1105 616 1222 646 nune
1256 602 1377 660 pueri
1414 613 1502 646 non
1531 618 1605 647 ne-

177 676 331 721 sciunt.
391 676 589 719 Attamen
619 674 700 718 hac
727 675 772 717 in
802 689 849 718 re
872 674 1028 718 Orator
1051 674 1233 718 titubare
1257 675 1382 719 nolet:¹
1409 675 1468 719 sie
1492 677 1601 732 520.

178 750 297 795 dicit:
332 748 351 791 ὅ
390 748 473 802 γὰρ
505 746 625 800 νόμος
655 745 779 795 οὕτως
811 744 949 801 εἶχεν,
982 747 1056 791 ubi
1084 748 1174 792 sine
1203 749 1486 793 controversia
1515 765 1606 807 pse-

177 825 341 883 phisma
370 821 634 880 intelligitur.
697 821 792 864 Seio
817 821 987 879 quidem
1009 821 1120 865 tradi
1140 822 1276 867 solere
1292 824 1374 883 ⁷⁰),
1408 823 1608 868 confundi

177 910 503 954 nonnumquam
527 894 633 938 haec
656 894 881 949 vocabula;
908 895 981 940 sed
999 896 1079 940 hoc
1101 897 1173 940 vix
1197 897 1511 941 eoncedendum
1531 905 1606 943 est.

177 972 346 1017 Scilicet
373 970 486 1023 νόμοι
516 968 730 1013 interdum
760 969 962 1014 dicuntur
990 970 1285 1026 ψηφίσματας
1328 979 1371 1015 et
1399 987 1607 1016 memora-

176 1046 263 1090 bile
287 1051 350 1089 est
378 1042 622 1101 exemplum
651 1044 840 1087 Cannoni
869 1043 1177 1102 psephismatiS,
1218 1045 1332 1102 quod
1361 1047 1451 1090 sine
1481 1046 1608 1090 dubio

177 1121 290 1163 inter
327 1118 443 1176 leges
481 1121 698 1173 receptum
731 1122 823 1159 erat
848 1116 927 1175 ⁷¹).
994 1117 1133 1173 Atque
1162 1117 1310 1161 eodem
1340 1119 1433 1162 iure
1472 1122 1493 1176 ᾗ
1525 1121 1581 1165 43
1594 1154 1605 1174 ,

178 1191 429 1237 Andocides.
455 1189 719 1234 Scamandrii
746 1191 1007 1248 10.÷5‹,›plu'«1ma⁴
1029 1198 1259 1245 memorat,
1307 1194 1421 1250 quod
1463 1194 1607 1238 itidem

180 1268 261 1311 fuit
298 1266 418 1319 νόμος
445 1263 524 1323 ⁷²).
593 1263 676 1307 Sed
710 1264 972 1308 contrarium
1009 1264 1189 1308 inveniri
1227 1280 1464 1325 numquam
1504 1268 1607 1312 mihi

179 1340 424 1398 persuaderi
453 1338 606 1396 patiar3
632 1348 749 1394 'quae
777 1338 890 1381 enim
915 1338 1110 1395 exempla
1131 1338 1378 1393 laudantur,
1410 1347 1510 1385 sunt
1532 1346 1607 1385 aut

180 1415 332 1460 dubiae
359 1412 457 1456 fidei
486 1417 562 1455 aut
590 1410 712 1455 aliter
741 1410 990 1470 explicanda
1018 1419 1130 1456 sunt.

240 1491 293 1533 In
317 1487 464 1533 eadem
489 1488 509 1544 ξ
527 1486 598 1530 20.
621 1483 800 1547 legitur:
827 1488 995 1542 ἀγῶνα.
1009 1523 1019 1533 .
1033 1523 1044 1533 .
1069 1488 1110 1530 ἐν
1130 1482 1160 1541 ᾧ
1182 1488 1289 1532 δυοῖν
1310 1495 1396 1533 τοῖν
1416 1489 1606 1542 μεγίςοιν

181 1570 324 1608 κακοῖν
365 1565 437 1606 οὐκ
470 1560 517 1612 ἦν
552 1564 665 1618 αὐτῷ
708 1563 929 1616 ἁμαρτεῖν.
997 1563 1108 1607 Eiice
1142 1566 1301 1605 κακοῖν.
1370 1563 1440 1606 Sic
1474 1565 1495 1620 ᾗ
1528 1564 1604 1608 57;

180 1639 215 1682 εἶ
244 1638 322 1691 μὲν
352 1638 437 1693 γὰρ
469 1634 516 1687 ἦν
546 1638 653 1682 δυοῖν
680 1637 845 1691 θάτερον
873 1637 1060 1687 ἑλέσθαι,
1101 1637 1125 1687 ἢ
1153 1641 1291 1685 καλῶς
1318 1637 1550 1681 ἀπολέσθαι
1581 1639 1605 1688 ἢ

175 1714 361 1767 αἰσχρῶς
393 1712 568 1760 σωθῆναι
599 1712 687 1755 κτὲ.
750 1711 848 1753 Pari
872 1710 1079 1755 medicina
1102 1711 1262 1755 amicus
1291 1710 1462 1768 quidam
1488 1727 1607 1756 meus

179 1788 342 1831 sanavit
377 1785 575 1830 Herodot.
607 1786 642 1830 Ι.
681 1785 757 1827 22:
795 1785 971 1840 ἐλπίζων
1004 1786 1089 1839 γὰρ
1119 1786 1138 1827 ὃ
1170 1784 1410 1834 Ἀλυάττης
1444 1809 1504 1817 —
1535 1786 1603 1828 τὸν

178 1861 280 1904 λεὼν
300 1859 520 1914 τετρύσθαι
537 1860 578 1907 ἐς
598 1859 645 1901 τὸ
664 1858 848 1912 ἔσχατον
867 1862 1013 1907 κακοῦ,
1027 1859 1146 1908 ἤκουε
1161 1859 1248 1901 κτὲ.
1281 1857 1444 1901 Delevit
1458 1862 1602 1902 κακοῦ.

237 1934 412 1994 Legitur
439 1935 461 1990 ᾗ
492 1933 572 1976 21:
604 1932 798 1982 ἀπιέναι,
842 1930 960 1975 ὅπου
999 1931 1051 1975 ἂν
1089 1931 1268 1986 ἔμελλεν
1315 1932 1442 1981 αὐτὸς
1476 1934 1602 1983 σωθή-

178 2010 337 2053 σεσθαι.
388 2008 501 2065 Lege
530 2005 635 2050 ὅποι.

240 2081 442 2139 Sequenti
470 2081 491 2136 ξ
522 2081 593 2124 22.
625 2069 777 2123 exstat:
810 2077 838 2123 ὦ
867 2081 1086 2135 Λεωγόρα,
1118 2082 1162 2125 τί
1185 2081 1331 2134 βούλει
1365 2081 1455 2137 πεὶ
1487 2082 1602 2135 θερα-

178 2156 337 2201 πόντων
380 2153 545 2206 λέγεινς
592 2153 757 2197 Atticus
786 2153 975 2197 dixisset:
1017 2155 1062 2198 τί
1098 2156 1193 2203 τοὺς
1237 2153 1489 2209 θεράποντας
1532 2154 1602 2197 λε’-

179 2247 295 2283 ·γειςς
336 2228 680 2287 Repugnantiam
718 2229 851 2272 inesse
884 2234 987 2286 puto
1027 2231 1069 2285 ἕξ
1102 2230 1160 2272 24
1188 2235 1231 2273 et
1259 2229 1336 2273 33:
1378 2228 1452 2272 illo
1490 2229 1602 2272 enim

180 2305 276 2348 loeo
300 2303 474 2362 legitur:
508 2303 542 2346 εἰ
564 2303 600 2346 δ’
624 2304 957 2357 ἐλεγχθήσονται
991 2303 1042 2362 (οἱ
1069 2304 1306 2363 κατήγοροι)
1334 2303 1599 2358 ψευδόμενοι,

180 2379 291 2423 οὐδὲν
333 2379 476 2426 αὐτοῖς
524 2377 741 2429 ἐμέλησεν.
788 2377 922 2432 ὥσπερ
964 2375 1052 2427 οὖν,
1097 2379 1131 2421 εἰ
1171 2379 1304 2430 οέληθῆ
1351 2375 1397 2427 ἦν
1433 2380 1599 2425 ταῦτα,

219 2602 261 2647 ⁷⁰)
283 2603 404 2635 Schom.
426 2601 464 2633 de
487 2601 600 2633 Comm.
625 2611 657 2643 p.
681 2600 763 2631 248.

221 2659 264 2703 71)
287 2660 367 2692 Xen.
390 2657 473 2690 nell.
497 2657 524 2690 1.
548 2659 580 2689 7.
601 2658 658 2688 20.
677 2655 755 2700 ibiq.
778 2653 924 2688 Schneid.
946 2662 976 2687 et
995 2656 1028 2688 in
1049 2656 1136 2687 univ.
1161 2655 1245 2686 Dem.
1265 2654 1356 2697 Lept.
1381 2654 1397 2697 ᾗ
1417 2655 1471 2686 92.

219 2716 261 2760 72)
285 2716 331 2748 Cf.
353 2715 390 2747 de
412 2714 470 2747 hac
495 2723 526 2745 re
550 2712 670 2745 Schb'm.
696 2714 760 2745 Au.
785 2712 870 2745 Ptoc.
897 2723 929 2754 p.
956 2713 1035 2744 085.
1094 2710 1242 2744 Wachsm.
1276 2711 1358 2743 Bell.
1385 2710 1605 2744 Allerthumsk.

173 2777 213 2808 11.
239 2773 318 2805 267.
344 2771 415 2804 Mei.
437 2769 472 2802 de
498 2768 569 2801 bon.
589 2768 690 2802 damn.
717 2779 749 2812 p.
772 2769 816 2800 53
840 2780 871 2800 n.
901 2769 977 2800 165.
