1774 3036
886 170 941 214 24

203 316 331 356 caret.
403 311 439 354 N
444 323 525 355 unc
562 309 666 355 haec
705 315 869 354 tantum
904 324 1148 368 excerpam:
1190 309 1242 354 de
1273 308 1507 368 Polystrato
1537 311 1619 355 iam

204 385 305 429 dixi.
376 385 426 426 In
466 383 661 441 catalogo
700 381 972 440 probabiliter
1000 383 1152 426 excidit
1180 383 1408 442 Polytionis
1434 398 1591 428 nomen
1608 416 1619 435 ,

204 458 278 516 qui
306 457 394 502 sine
417 456 547 500 dubio
575 458 701 501 etiam
726 457 779 501 ab
802 455 1100 501 Andromacho
1124 456 1329 501 indicatus
1352 464 1426 503 est.
1487 457 1622 501 Dubi-

202 538 322 576 tatur
357 530 471 588 apud
516 531 610 588 Lys.
651 530 762 575 And.
793 532 815 588 ᾖ
847 531 900 573 11
914 563 926 582 ‚
972 537 1118 574 utrum
1150 530 1387 588 Archippus
1422 530 1626 589 legendus

105 643 133 666 :-
202 606 256 649 sit
284 619 340 649 an
369 604 616 673 Qisfigpus
677 605 783 658 Res,
814 604 859 648 ni
889 604 1036 658 fallor,
1068 620 1121 648 ex
1143 604 1225 650 hoc
1255 604 1469 664 catalogo,
1496 604 1623 649 confi·-

121 715 137 719 .*
204 681 338 733 citur,
371 680 445 723 ubi
472 669 907 748 AsChiPEffl‚,fflmr·

265 754 333 798 Ad
362 757 382 811 ξ
410 754 466 798 15
491 754 579 798 fere
608 754 714 797 nihil
736 753 969 797 notandum
999 753 1155 806 habeo,
1185 768 1286 798 nam
1311 753 1363 798 de
1392 753 1512 809 ἀδείᾳ
1541 754 1625 797 iam

205 828 365 873 dictum
405 835 477 873 est.
561 827 992 872 Animadvertendum
1036 834 1178 872 tamen
1223 834 1305 880 est,
1351 829 1426 877 τὴν
1471 828 1625 880 βουλὴν

205 903 330 946 fuisse
359 909 462 948 tunc
490 903 690 961 temporis
719 901 1027 956 αὐτοκράτορα,
1061 902 1175 960 quod
1198 902 1274 945 etsi
1301 916 1511 959 nusquam
1540 908 1626 945 tra-

206 977 344 1029 ditur,
384 992 462 1034 per
501 992 544 1019 se
574 991 661 1020 non
694 981 756 1019 est
787 975 1030 1020 incredibile
1061 974 1138 1034 ⁶⁰).
1200 975 1366 1019 Scilicet
1394 990 1520 1019 nemo
1548 974 1628 1018 hoc

207 1051 452 1102 mirabitur,
485 1051 560 1107 qui
588 1050 696 1094 bene
725 1056 839 1094 tenet
864 1050 1087 1094 Tittmanm'
1109 1048 1259 1092 verba:
1290 1049 1385 1093 Der
1413 1049 1530 1093 Rath
1563 1048 1623 1106 ⁸¹)

206 1142 258 1168 zu
297 1124 435 1169 Athen
479 1125 634 1169 entkalt
672 1124 911 1181 keinesweye
940 1125 1006 1169 ein
1045 1123 1389 1168 anatoho-misem
1420 1123 1627 1176 Ekment,

209 1202 388 1244 sondern
416 1200 583 1257 yehb'rte
611 1215 718 1257 yanz
747 1200 822 1243 der
851 1199 1119 1243 Demoleo-atie
1149 1215 1217 1243 απ.

269 1274 386 1315 Inter
415 1273 622 1316 delatores
651 1274 814 1316 Teucer
841 1279 1103 1316 memoratur
1136 1286 1162 1315 a
1190 1271 1452 1329 Phrynicho,
1493 1278 1542 1315 ut
1565 1273 1628 1314 in-

206 1345 378 1403 geniose
420 1346 597 1390 coniecit
635 1347 823 1404 Droysen
837 1380 848 1398 ,
896 1347 937 1389 ἐν
969 1344 1227 1399 μονοτρόπῳ;
1270 1361 1417 1390 versus
1452 1345 1632 1390 servavi-t

203 1419 314 1463 Plut.
346 1419 437 1464 Alc.
471 1420 547 1463 20:

346 1528 421 1571 Ἴ).
451 1529 629 1583 Φίλταθ’
659 1531 816 1583 Ἑρμῆ,
849 1530 920 1572 καὶ
950 1529 1174 1584 φυλάσσου
1204 1530 1263 1581 μὴ
1295 1530 1428 1572 πεσὼν

362 1602 516 1645 σαυτὸν
546 1602 835 1658 παρακρούσῃ,
869 1602 939 1646 καὶ
971 1601 1197 1657 παράσχῃς
1228 1602 1427 1654 διαβολὴν

356 1676 475 1729 ἑτέρῳ
507 1677 725 1730 Διοκλείδῃ
748 1677 833 1735 ⁸²),
864 1677 1103 1730 βουλομένῳ
1135 1672 1261 1719 κακόν
1291 1693 1331 1719 τι
1363 1677 1474 1730 δρᾶν.

205 1753 324 1804 Ἑρμ.
356 1748 620 1802 Φυλαξομαι.
665 1735 834 1805 Τευὶκρῳ
865 1750 948 1805 γαρ
981 1751 1075 1804 οὐχὶ
1108 1750 1318 1804 βούλομαι

356 1822 545 1874 μήνυτρα
574 1823 712 1865 δοῦναι
744 1824 800 1876 τῷ
833 1823 1091 1877 παλαμναίῳ
1122 1823 1236 1877 ξένῳ.

208 1937 354 1994 scripsi
383 1934 536 1978 σαυτόν
566 1949 646 1993 pro
675 1935 814 1979 αὐτόν.

266 2011 471 2056 Venimus
499 2025 616 2053 nunc
645 2009 699 2052 ad
728 2011 749 2066 §
778 2011 833 2053 17
847 2044 858 2063 ,
896 2010 969 2054 ubi
998 2009 1263 2055 difficultates
1291 2018 1389 2055 sunt
1418 2011 1633 2070 aliquanto

207 2084 405 2136 maiores,
438 2089 480 2126 et
509 2083 714 2140 primum,
747 2083 964 2127 occasione
992 2084 1107 2136 data,
1140 2085 1289 2128 vitium
1315 2085 1525 2143 quoddam
1550 2087 1631 2129 tol-

207 2160 358 2204 lamus.
423 2159 553 2207 Λυδὸς
587 2158 606 2201 o‘
641 2158 886 2212 Φερεκλέους
921 2163 992 2202 τοῦ
1024 2160 1255 2212 Θημακέως
1295 2161 1471 2212 ἐμήνυσε
1498 2163 1633 2213 μυςή-

207 2250 275 2287 ρια
305 2233 491 2286 γίνεσθαι
523 2233 564 2276 ἐν
597 2239 649 2289 τῇ
682 2231 791 2289 οἰκία
826 2232 1073 2288 Φερεκλέους
1099 2238 1171 2277 τοῦ
1203 2233 1404 2279 δεσπότου
1429 2238 1503 2280 τοῦ
1537 2235 1632 2279 ἐαυ-

206 2311 281 2350 τοῦ
316 2308 358 2350 ἐν
386 2308 590 2361 Θημακῷ.
664 2307 875 2365 Suspicari
907 2308 1000 2365 quis
1028 2308 1176 2365 possit,
1220 2316 1435 2353 auctorem
1464 2315 1630 2366 putasse

207 2380 479 2424 Athenienses
509 2381 709 2426 habitasse
729 2382 772 2426 in
798 2381 944 2436 demo,
977 2382 1097 2427 cuius
1121 2397 1275 2428 nomen
1306 2383 1530 2442 gerebant:
1558 2383 1629 2428 sed

245 2594 287 2637 5⁰)
310 2596 431 2628 Sch'om.
462 2596 498 2627 de
526 2597 639 2629 Comm.
663 2608 696 2640 p.
722 2597 778 2631 95.
800 2598 835 2629 G.
858 2597 971 2630 Bockh.
998 2598 1066 2631 Oec.
1087 2598 1150 2629 Civ.
1178 2598 1215 2629 u.
1242 2608 1274 2639 p.
1296 2599 1361 2629 201
1387 2608 1431 2641 sq.
1467 2598 1636 2631 Tittmaun.

200 2652 252 2683 Gr.
275 2651 453 2684 staatsverf.
478 2663 530 2696 pg.
554 2654 635 2685 244.

247 2707 289 2749 61)
314 2708 351 2740 Η.
375 2720 403 2741 e.
427 2709 450 2751 ἦ
473 2709 591 2752 βουλὴ
618 2710 651 2741 οἱ
677 2711 729 2748 φ’.

245 2762 288 2806 6²)
315 2765 355 2795 De
382 2765 480 2808 Mystt.
506 2764 550 2807 Μ
577 2766 726 2798 36—45.
