1774 3036
835 154 892 197 34

156 293 385 349 explicare,
428 306 557 348 quae,
600 292 633 334 si
673 306 781 349 quae
821 291 925 344 alia,
969 291 1210 349 quotidiano
1239 307 1320 335 usu
1358 292 1442 337 illis
1479 299 1576 337 nota

158 375 199 409 et
233 367 332 410 trita
361 381 448 408 esse
477 365 659 409 deberet.
730 365 812 408 Sed
850 381 966 409 nunc
994 381 1175 424 propero
1208 365 1261 410 ad
1295 365 1395 419 alia,
1441 383 1578 424 neque

159 442 343 484 multum
388 440 516 482 tribui
555 439 680 482 iubeo
716 440 777 491 ei,
825 440 939 497 quod
977 446 1063 482 tota
1098 440 1322 497 disputatio
1356 440 1580 484 Andocidis

159 516 238 558 hoc
278 513 499 557 ἐπεισόδιον
539 529 625 556 non
666 513 869 570 requirit,
916 514 1052 571 neque
1089 513 1273 557 multum
1317 529 1467 558 causae
1502 529 1578 557 no-

160 589 328 639 cuisset,
355 588 390 630 si
414 586 614 631 omisisset
638 588 680 644 §§
701 588 894 641 73—79,
917 588 961 631 in
987 586 1137 645 quibus
1160 588 1268 632 ratio
1292 587 1467 640 ἀτιμίαις
1493 594 1579 631 tra-

157 662 273 705 ditur
303 669 346 705 et
374 662 574 705 inseritur
602 662 846 705 Patroclidis
875 662 1109 721 psephisma
1148 662 1200 705 de
1230 662 1401 705 infamia
1429 663 1582 705 notatis

164 737 207 780 in
239 737 455 795 integrum
484 735 761 780 restituendis.

222 811 305 854 Sed
343 810 459 854 haud
488 811 673 854 alienum
709 811 789 853 erit
828 811 1065 869 apposuisse
1100 811 1237 868 ipsum
1267 810 1492 854 Andocidis
1520 810 1581 854 lo-

162 901 283 929 cum:
319 887 373 929 Οἱ
403 886 479 938 μὲν
510 885 700 940 ἀργύριον
723 886 962 941 ὀφείλοντες
985 887 1042 940 τῷ
1069 885 1271 940 δημοσίῳ,
1303 885 1440 929 ὁπόσοι
1469 885 1583 930 εὐθύ-

161 977 234 1008 νας
267 957 407 1015 ὦφλον
438 959 640 1014 ἄρξαντες
669 959 830 1013 ἀρχὰς,
865 960 889 1010 ἢ
918 959 1092 1011 ἐξούλας
1124 960 1147 1010 ἢ
1180 960 1357 1014 γραφάς
1387 960 1410 1010 ἢ
1439 960 1582 1012 ἐπιβο-

158 1034 240 1081 λάς
266 1031 431 1088 ὦφλον,
460 1034 483 1084 ἢ
508 1033 612 1082 ὦνας
635 1033 850 1088 πριάμενοι
874 1035 920 1076 ἐκ
942 1036 1013 1077 τοῦ
1036 1033 1228 1086 δημοσίου
1254 1034 1314 1086 μὴ
1343 1032 1585 1086 κατέβαλον

160 1108 217 1150 τα
244 1108 478 1161 χρήματα,
513 1107 536 1157 ἢ
563 1107 727 1159 ἐγγύας
752 1108 1023 1160 ἠγγυήσαντο
1053 1107 1150 1162 πρὸς
1181 1107 1228 1150 τὸ
1254 1106 1467 1160 δημόσιον,
1492 1107 1586 1150 τού-

161 1198 244 1230 τοις
280 1182 302 1231 ἦ
338 1181 414 1232 μὲν
443 1178 597 1227 ἔκτισις
627 1175 672 1228 ἦν
701 1179 767 1223 ἐπὶ
793 1184 868 1229 τῆς
896 1179 1044 1231 ε’νάτης
1074 1181 1340 1235 πρυτανείας.
1374 1182 1408 1224 εἶ
1434 1181 1475 1224 δὲ
1503 1181 1583 1233 μη,

160 1253 379 1298 διπλάσιον
422 1253 616 1307 ὠφείλειν
645 1253 717 1296 καὶ
749 1253 807 1296 τοὶ
843 1255 1029 1305 κτήματ’
1059 1256 1193 1297 αὐτῶν
1232 1256 1484 1308 πεπρᾶσθαι.
1527 1252 1586 1301 εἷς

158 1329 236 1380 μὲν
275 1327 422 1381 τρόπος
462 1323 576 1375 οὗτος
613 1326 791 1379 άτιμίας
834 1324 902 1376 ἦν,
952 1325 1085 1380 ἕτερος
1125 1326 1176 1370 ὦν
1215 1328 1273 1371 τοὶ
1308 1329 1385 1381 μὲν
1424 1327 1587 1379 σώματ’

160 1402 300 1454 ἄτιμα
332 1399 400 1451 ἦν,
441 1402 516 1451 την
549 1402 585 1444 δ’
616 1401 758 1443 οὐσίαν
785 1400 911 1454 ἔσχον
945 1401 1016 1444 καὶ
1054 1401 1287 1452 ἐκέκτηντο·
1323 1398 1429 1444 οὗτοι
1461 1402 1496 1444 δ’
1532 1398 1585 1444 αὖ

161 1474 265 1526 ἦσαν
297 1476 434 1519 ὁπόσοι
470 1480 628 1525 κλοπῆς
659 1475 681 1525 ἢ
715 1475 842 1528 δώρων
873 1474 1068 1529 ὄφλοιεν·
1095 1476 1263 1524 τούτους
1293 1475 1371 1519 ἔδει
1405 1474 1474 1518 καὶ
1514 1476 1589 1517 αὖ-

164 1552 258 1598 τοὺς
291 1550 361 1593 καὶ
395 1551 488 1598 τοὺς
524 1551 571 1592 ἐκ
601 1549 755 1592 τούτων
786 1549 962 1600 άτίμους
1005 1547 1110 1592 εἶναι
1148 1550 1218 1593 καὶ
1261 1549 1397 1593 ὁπόσοι
1432 1548 1589 1592 λίποιεν

164 1627 238 1676 την
272 1623 414 1676 τάξιν,
462 1624 485 1675 ἢ
514 1623 743 1677 άςρατείας
776 1624 799 1674 ἢ
833 1622 990 1672 δειλίας
1032 1623 1056 1674 ἢ
1087 1623 1358 1678 άναυμαχιόυ
1394 1623 1587 1679 ὄφλοιεν,

164 1701 187 1750 ἢ
216 1700 291 1748 την
316 1699 462 1742 ἀσπίδ’
481 1698 762 1750 ἀποβάλοιεν,
796 1698 819 1748 ἢ
843 1698 930 1751 τρὶς
952 1699 1311 1752 ψευδομαρτυριῶν
1331 1699 1355 1749 ἢ
1379 1698 1465 1752 τρὶς
1485 1701 1588 1751 ψευ-

162 1772 405 1824 δοκλητείας
433 1772 621 1827 ὄφλοιεν,
654 1772 678 1823 ἢ
698 1772 792 1821 τοὺς
815 1771 964 1824 γονέας
989 1775 1126 1821 κακῶς
1145 1776 1318 1822 ποιοῖεν,
1350 1768 1458 1815 οὗτοι
1484 1771 1590 1815 πάν-

165 1865 235 1895 τες
267 1847 408 1899 ἄτιμοι
445 1844 549 1895 ἦσαν
582 1847 640 1888 τά
670 1847 875 1897 σώματα,
914 1847 972 1889 τά
1008 1847 1050 1888 δὲ
1083 1847 1274 1900 χρήματ’
1305 1844 1435 1900 εἶχον.
1466 1846 1590 1889 ἄλλοι

167 1918 223 1964 αὖ
257 1921 372 1965 κατα
409 1919 686 1975 προστάξεις,
720 1919 863 1967 οἵτινες
898 1921 942 1962 οὐ
976 1918 1249 1982 παντάπασιν
1282 1918 1424 1973 ἄτιμοι
1463 1916 1588 1969 ἦσαν,

166 1997 287 2038 ἄλλα
320 1996 438 2048 μέρος
470 2011 511 2038 τι
536 1996 694 2043 αὐτῶν,
726 1992 804 2037 οἷον
829 1995 864 2036 οἱ
888 1997 1135 2046 ςρατιῶται,
1168 1992 1246 2050 οἷς,
1276 1992 1339 2037 ὅτι
1369 1994 1591 2046 ἐπέμειναν

170 2070 238 2113 ἐπὶ
274 2072 352 2112 τῶν
384 2067 585 2122 τυράννων
615 2069 655 2110 ἐν
689 2074 741 2122 τῇ
780 2067 925 2116 πόλει,
957 2068 1013 2111 τα
1045 2068 1123 2120 μὲν
1156 2066 1257 2111 ἄλλ’
1287 2065 1334 2118 ἦν
1363 2067 1470 2122 ἅπερ
1503 2072 1590 2115 τοῖς

170 2144 318 2192 ἄλλοις
354 2143 576 2193 πολίταις,
619 2144 751 2187 εἰπεῖν
792 2143 827 2187 δ’
860 2144 901 2186 ἐν
934 2144 991 2197 τῷ
1031 2144 1147 2206 δήμῳ
1183 2145 1257 2187 οὐκ
1292 2143 1387 2196 ἐξῆν
1419 2144 1590 2191 αὐτοῖς,

169 2220 258 2263 οὐδὲ
298 2219 543 2271 βουλεῦσαι.
595 2217 749 2261 τούτων
787 2214 893 2268 ἦσαν
933 2215 1039 2263 οὗτοι
1070 2218 1231 2272 ἄτιμοι·
1269 2218 1375 2270 αὕτη
1417 2218 1501 2273 γάρ
1545 2214 1593 2267 ἦν

169 2294 327 2342 τούτοις
357 2293 596 2347 πρόσταξις.
629 2293 776 2348 ἑτέροις
802 2295 875 2337 οὐκ
905 2290 950 2343 ἦν
979 2294 1248 2349 γράψασθαι,
1283 2300 1369 2343 τοῖς
1402 2296 1437 2338 δ’
1467 2294 1592 2336 ἐνδεῖ-

173 2369 270 2419 ξαι,
303 2374 388 2416 τοῖς
420 2368 461 2411 δὲ
486 2368 544 2420 μὴ
568 2369 835 2412 ἀναπλεῦσαι
864 2369 921 2416 εἰς
947 2370 1274 2420 Ἑλλήσποντον,
1306 2368 1453 2416 ἄλλοις
1478 2367 1513 2410 δ’
1534 2368 1591 2416 εἰς

169 2444 340 2487 Ἰωνίαν·
373 2448 458 2491 τοῖς
492 2443 528 2486 δ’
552 2443 608 2490 εἷς
639 2443 713 2492 ’τὴν
741 2443 900 2497 ἆγορὰν
928 2445 988 2496 μὴ
1019 2444 1185 2487 εἰσιέναι
1213 2443 1439 2498 πρόσταξις
1471 2439 1531 2491 ἦν.

229 2519 372 2562 Primo
402 2518 496 2561 loco
525 2517 752 2561 videndum
782 2524 842 2561 est
872 2518 923 2562 de
953 2518 1151 2562 divisione
1175 2518 1366 2571 άτιμίας.
1408 2517 1594 2576 Apparet

172 2593 284 2636 enim
324 2592 583 2637 Andocidem
627 2593 708 2637 tria
753 2609 911 2652 genera
955 2593 1231 2652 distinguere:
1279 2592 1454 2646 άτιμίαν
1495 2607 1593 2636 cum

131 2663 138 2734 ᾖ
170 2667 379 2712 bonorum
419 2667 698 2726 publicatione
728 2668 1018 2720 coniunctam,
1059 2666 1236 2720 ἀτιμίαν
1266 2667 1354 2710 sine
1383 2665 1593 2711 bonorum

168 2743 469 2802 publicatione,
516 2743 691 2797 ἀτιμίαν
723 2743 836 2788 κατὰ
866 2742 1105 2798 πρόσταξιν.
1178 2743 1326 2787 Statim
1362 2740 1594 2787 videbimus
