1774 3036
13 839 40 857 *2-

7 2297 33 2313 ζ,

44 2795 71 2804 ..0

39 2807 73 2815 υ..

844 182 897 224 12

216 320 383 364 Bellum
424 321 612 385 QQm
652 326 817 380 gestum
855 335 942 364 esse
982 319 1134 364 dicitur
1170 319 1237 364 01.
1271 321 1472 369 LXXXV.
1509 323 1546 367 1.
1562 356 1572 376 ,

156 412 243 439 non
286 403 420 453 potest
459 397 590 454 igitur
638 396 813 454 cogitari
848 395 899 437 de
939 395 1138 447 Oratore,
1187 396 1340 454 quippe
1376 398 1449 453 qui
1483 405 1575 441 tum

155 471 418 529 trigesimum
459 485 619 514 annum
650 457 868 514 iffifidiiffi*
879 453 1130 527 exple-winerat:
1201 470 1317 514 Avus
1347 471 1476 530 igitur
1507 488 1575 515 co-

154 561 340 603 gnomen
371 545 450 589 hoc
475 561 586 588 anno
617 552 785 602 praetor
815 544 906 588 fuit.
970 547 1216 587 Praetorum
1247 552 1388 587 autem
1417 547 1575 603 Sopho-

153 620 233 662 cles
256 626 348 662 erat
376 626 480 662 natu
504 620 715 663 maximus
739 619 814 679 ³²).
878 620 955 663 Hic
979 634 1080 663 vero
1109 626 1233 663 natus
1258 625 1319 662 est
1344 617 1411 662 Ol.
1429 620 1574 664 LXXI.

156 695 222 747 2.;
258 709 361 737 avus
400 695 531 754 igitur
570 694 792 737 Andocidis
827 710 911 737 non
938 695 1073 751 potuit
1108 703 1231 738 natus
1261 709 1348 738 esse
1381 701 1477 738 ante
1507 694 1575 739 Ol.

128 809 132 828 ‹
155 769 301 813 LXXI.
330 769 396 821 3.,
430 785 567 827 neque
598 770 805 827 Leogoras
831 776 927 812 ante
958 768 1025 812 01.
1052 770 1235 815 LXXVI.
1260 771 1301 813 4.
1335 776 1408 812 aut
1437 769 1576 813 Ando-

128 833 265 885 {cides
304 849 401 884 ante
443 842 509 885 Ol.
544 842 751 885 LXXXII.
789 844 826 885 1.
895 845 1009 886 Pone
1038 859 1139 886 vero
1174 844 1286 900 quod
1316 845 1579 887 verisimilius

128 879 232 962 lest:
266 917 476 975 Leogoras
501 923 603 959 tunc
627 924 751 960 natus
772 933 858 960 esse
884 917 1088 961 habeatur
1113 919 1224 961 circa
1254 918 1321 961 Ol.
1350 918 1574 964 LXXVIII.

127 965 217 1042 ll„
256 990 491 1033 Andocides
524 991 636 1033 circa
667 990 733 1033 Ol.
767 992 992 1036 LXXXIV.
1028 992 1091 1042 2.;
1136 990 1248 1048 quod
1279 992 1448 1048 egregie
1479 1007 1578 1034 con-

127 1037 268 1128 {venit
308 1080 406 1108 cum
445 1065 591 1111 Vateri
623 1066 956 1123 computatione,
1000 1081 1052 1109 ex
1084 1080 1168 1124 qua
1197 1064 1364 1123 patebat
1393 1064 1578 1110 Andoci-

153 1140 248 1183 dem
274 1141 464 1197 sequenti
495 1156 605 1183 anno
637 1140 794 1183 editum
827 1157 924 1183 esse.

211 1215 458 1271 Requiritur
495 1214 667 1258 fortasse
705 1215 897 1257 nonnihil
934 1216 976 1258 in
1008 1214 1088 1258 1130
1118 1215 1406 1273 disputatione.
1464 1216 1576 1258 Desi-

157 1289 329 1332 deratur
359 1305 399 1332 V.
434 1305 468 1332 c.
502 1291 630 1346 ipsius
660 1290 830 1332 Periclis
861 1291 961 1332 anni
985 1290 1134 1332 natalis
1164 1291 1399 1333 accuratior
1429 1290 1577 1333 defini-

155 1364 236 1417 tio,
270 1379 398 1421 quam
429 1363 575 1407 eadem
606 1365 767 1407 ratione
793 1365 991 1421 consequi
1020 1364 1127 1407 licet.
1191 1364 1437 1407 Perhibetur
1466 1364 1576 1406 enim

158 1445 282 1480 natus
313 1454 399 1481 esse
435 1439 547 1481 inter
577 1439 643 1480 Ol.
678 1440 789 1480 LXX
820 1445 861 1480 et
895 1438 961 1481 Ol.
995 1439 1159 1480 LXXH.
1195 1440 1223 1479 4
1251 1437 1325 1495 33).
1388 1437 1470 1479 Sed
1499 1437 1578 1480 hoc

157 1511 210 1554 ab
240 1519 384 1555 nostro
413 1514 627 1570 proposito
660 1512 834 1555 alienius
859 1513 1014 1569 putavi.
1069 1512 1150 1555 Sed
1180 1512 1339 1554 etiamsi
1363 1511 1576 1554 Plutarchi

161 1587 279 1630 locus
309 1587 431 1629 aliter
461 1586 732 1643 explicandus
763 1587 892 1638 foret,
926 1587 958 1629 si
988 1602 1028 1630 v,
1051 1602 1086 1629 0.
1119 1601 1203 1629 11011
1236 1601 1379 1628 omnes
1407 1592 1576 1642 praeto-

159 1676 226 1704 res
267 1661 493 1704 adfuissent
542 1676 612 1712 ea,
657 1676 784 1717 quam
815 1668 1042 1713 memorat,
1076 1660 1288 1703 occasione
1333 1659 1419 1719 (sed
1453 1660 1578 1702 totius

158 1736 239 1779 loci
280 1737 387 1778 ratio
417 1735 459 1778 id
490 1736 560 1777 vix
596 1736 681 1792 pati
711 1735 920 1794 videtur),
967 1737 1000 1778 si
1029 1736 1169 1778 tertius
1199 1734 1368 1802 quidam
1398 1734 1577 1777 Andoci-

1312 1794 1420 1801 ...νωμ-
1425 1788 1462 1799 r-t

158 1810 449 1874 dSE,..¹n¹³eU¹g¹
487 1809 677 1873 deberet,
723 1798 1224 1876 quamquam⁶'”ek}:1i—1}lgg
1233 1796 1416 1852 duorum
1444 1809 1577 1852 homi-

1215 1860 1437 1872 .-—....‚-.a—›.---—·«..
1443 1862 1522 1873 νεα-υ».

156 1899 262 1945 num
304 1884 771 1947 CPgssfllelsshjlmul
812 1891 854 1926 et
892 1884 1189 1945 contribulium
1225 1883 1442 1940 hucusque
1478 1883 1578 1925 mihi

155 1957 343 2000 inaudita
383 1965 501 2010 sunt,
551 1964 847 2014 praeterquam
878 1958 920 2000 in
961 1972 1040 2000 avo
1070 1964 1111 2000 et
1139 1964 1307 2013 nepote3
1352 1964 1490 2000 tamen
1521 1958 1577 1999 sic

156 2032 282 2073 statui
311 2038 466 2087 posset:
502 2031 613 2087 apud
643 2031 829 2087 reliquos
850 2031 1070 2088 scriptores
1096 2031 1354 2074 contrariu-m
1379 2045 1464 2073 non
1490 2037 1574 2073 tra-

156 2105 292 2158 ditur3
343 2106 527 2148 contenti
572 2106 702 2163 igitur
741 2122 826 2148 esse
866 2121 1082 2162 possumus
1112 2122 1182 2157 eo,
1226 2105 1338 2162 quod
1369 2107 1576 2148 orationes

127 2180 347 2238 {flagitant
377 2195 543 2231 omnes,
576 2195 713 2236 neque
744 2180 808 2223 Ps.
842 2179 1056 2223 Plutarchi
1085 2179 1178 2222 loco
1208 2178 1464 2223 abutendum
1495 2186 1573 2230 est,

125 2246 130 2299 ἕ
155 2261 205 2297 ut
241 2254 322 2297 hac
359 2254 403 2297 in
443 2270 489 2297 re
519 2253 769 2297 orationum
804 2270 858 2297 an
889 2253 1248 2297 Declamationum
1278 2253 1377 2297 fides
1407 2253 1574 2297 convel-

123 2321 131 2385 l
156 2328 280 2371 latur.
347 2329 480 2370 Porro
509 2328 736 2371 tenendum
768 2335 829 2371 est
854 2329 897 2370 in
926 2327 1193 2370 Androtionis
1223 2328 1316 2371 loco
1345 2328 1575 2370 necessario

157 2401 245 2445 fere
290 2417 418 2445 avum
459 2402 659 2461 intelligi,
705 2403 819 2446 hunc
864 2418 964 2446 vero
998 2404 1069 2446 vix
1104 2403 1283 2461 potuisse
1313 2418 1439 2461 agere
1473 2409 1575 2445 tunc

155 2477 354 2534 temporis
393 2476 490 2533 plus
529 2490 657 2532 quam
688 2476 746 2519 54
777 2491 929 2528 annos,
972 2477 1034 2519 uti
1063 2477 1105 2519 in
1137 2475 1300 2520 calculo
1336 2468 1462 2532 supra
1492 2482 1573 2519 sta-

194 2666 235 2710 52)
261 2668 344 2701 Plut.
371 2669 438 2700 Nic.
468 2670 521 2701 15.
570 2671 674 2700 Annus
697 2676 818 2709 tamen,
842 2680 902 2712 quo
922 2669 979 2700 hoc
1004 2668 1122 2700 bellum
1147 2675 1265 2712 gestum
1289 2676 1353 2710 est,
1379 2680 1436 2701 non
1463 2668 1580 2712 liquido

149 2731 283 2758 constare
306 2724 439 2757 videtur.

194 2779 236 2824 Μ)
261 2782 309 2813 W·
331 2782 423 2833 Ξὲ-
433 2781 918 2830 ..Flflff}²i{0;2„,s1.e‚.llj!9„Periclis)
938 2783 1055 2830 1223,ss-
