1774 3036
847 94 902 138 39

168 234 281 278 haud
320 235 493 282 obscure
522 234 698 285 indicat,
745 248 842 280 cum
874 240 1013 280 tamen
1048 235 1134 280 sine
1164 232 1292 277 dubio
1322 234 1578 279 contrarium

168 309 395 353 obtinuerit
415 308 502 367 vm¹).
660 341 664 345 >

226 382 537 427 Transeundem
571 389 712 429 tamen
741 388 804 426 est
831 382 884 427 ad
914 382 1094 429 alterum
1123 383 1299 435 ἀτιμίαις
1330 397 1490 442 genae,
1531 382 1582 425 de

167 471 252 514 quo
280 456 512 502 Andocides
538 457 619 501 sic:
666 454 799 512 ἕτερος
841 453 893 498 ὧν
933 456 991 500 τὰ
1025 457 1101 509 μὲν
1138 457 1303 510 σώματ’
1331 456 1473 510 ἄτιμοι
1507 451 1553 505 ἦν
1568 487 1580 504 ,

166 532 241 581 τὴν
271 531 306 576 δ’
336 533 477 577 οὐσίαν
508 531 633 585 ἔσχον
662 531 734 577 καὶ
766 531 999 582 ἐκέκτηντο.
1062 532 1174 586 Quid
1198 533 1251 575 sit
1278 536 1402 584 σῶμα
1431 533 1475 576 in
1510 530 1586 574 tali

166 607 391 659 sententia,
427 621 543 661 nunc
569 621 656 650 non
684 606 907 665 ignoratur
939 605 998 666 ⁹⁹)
1014 639 1026 660 ,
1068 606 1140 651 sed
1167 604 1321 651 vellem
1360 606 1584 671 mihi-:quis

1079 660 1421 675 wrm—mvffim„<w-m
1424 657 1437 668 x<-

166 680 418 737 explicaret,
450 695 530 723 cur
557 679 671 734 ἔχειν
701 687 744 723 et
771 681 1286 746 nem-Qgegiungantun

223 755 317 797 Non
344 736 970 810 ffisslx‘gffigfffisfflffiides
999 756 1042 798 in
1072 742 1144 807 eo,
1184 753 1296 811 quod
1325 768 1411 796 non
1443 754 1584 796 omnia

165 827 340 881 ἀτιμίαις
381 828 574 886 exempla
616 835 857 874 enumerat:
904 829 1000 873 satis
1038 829 1151 875 enim
1195 835 1286 873 erat
1323 829 1467 886 paucis
1511 826 1582 871 de-

165 903 309 962 fungi,
341 919 365 946 e
386 903 537 961 quibus
565 903 731 948 abunde
767 905 962 962 cognosci
982 912 1173 962 poterat,
1206 918 1314 960 quae
1343 910 1449 946 esset
1476 904 1584 947 ratio

164 977 359 1021 infamiae
387 978 572 1022 Athenis.
632 979 781 1035 Itaque
811 979 1075 1034 acquiescere
1104 993 1325 1035 possumus
1348 978 1392 1020 in
1422 976 1585 1020 duobus

163 1050 385 1107 exemplis,
409 1066 517 1108 quae
540 1051 705 1104 laudat,
737 1051 883 1096 furum
913 1058 955 1096 et
984 1057 1294 1109 corruptorum.
1343 1049 1425 1093 Sed
1448 1050 1579 1093 addit:

162 1125 329 1173 τούτους
360 1123 438 1168 ἔδει
467 1124 537 1167 καὶ
566 1126 715 1173 αὐτοὺς
746 1126 816 1170 καὶ
850 1126 944 1174 τοὺς
977 1127 1024 1169 ἐκ
1062 1126 1214 1170 τούτων
1248 1126 1423 1178 ἀτίμους
1452 1123 1579 1174 εἶναι,

163 1199 278 1256 quod
307 1198 409 1243 mihi
439 1198 706 1244 falsissimum
734 1199 901 1244 videtur
929 1199 1027 1258 ¹⁰⁰).
1090 1200 1210 1254 Quae
1239 1215 1329 1252 reS‚
1370 1215 1470 1242 cum
1498 1214 1585 1242 non

161 1282 307 1331 putem
342 1290 435 1318 eam
464 1274 549 1318 iam
578 1274 674 1320 satis
703 1290 729 1317 a
756 1274 1055 1319 recentioribus
1084 1274 1335 1321 illustratam
1365 1290 1474 1326 esse,
1515 1289 1583 1317 re-

161 1349 311 1405 quirit,
341 1355 391 1392 ut
417 1347 641 1406 paululum
670 1346 800 1393 fusius
830 1347 1045 1394 tractetur.
1106 1349 1272 1396 Scilicet
1301 1349 1481 1407 probare
1512 1363 1582 1394 co-

162 1423 318 1475 nabor,
359 1424 487 1477 leyem
514 1436 749 1477 numquam
773 1420 1002 1466 definivisse
1032 1422 1207 1473 ἀτιμίαν
1238 1422 1379 1465 liberis
1403 1422 1584 1465 damna-

162 1502 333 1550 torum3
382 1494 454 1539 sed
483 1509 788 1552 nonnunquam
818 1494 1022 1552 peculiari
1042 1495 1319 1553 psephismate
1348 1494 1400 1540 de
1429 1495 1517 1553 ipsa
1542 1510 1588 1539 re

160 1571 292 1622 facto,
338 1570 491 1612 liberos
525 1569 789 1626 proditorum
833 1576 875 1614 et
913 1570 1112 1615 similium
1150 1571 1377 1615 eriminum
1412 1585 1584 1613 reorum

160 1638 335 1691 ἀτίμους
382 1638 507 1683 fuisse
546 1638 689 1687 factos.
761 1638 873 1685 Nihil
911 1640 1025 1684 enim
1064 1639 1149 1683 huc
1188 1640 1326 1693 facere
1366 1641 1474 1685 filios
1506 1648 1585 1687 τῶν

159 1713 429 1767 ὀφειλόντων,
463 1714 537 1769 qui
564 1713 706 1765 ἄτιμοι
737 1714 1032 1765 remanebant,
1064 1713 1198 1758 donec
1227 1715 1443 1760 solvissent
1467 1717 1581 1760 debi-

160 1793 253 1833 tum
281 1793 527 1844 paternum,
558 1793 601 1831 et
629 1793 778 1832 notum
807 1793 870 1831 est
897 1793 941 1830 et
969 1793 1115 1845 sponte
1145 1788 1397 1848 intelligitur
1424 1790 1524 1850 10¹).

219 1862 343 1907 Dem.
379 1860 487 1905 Mid.
529 1863 549 1917 §
583 1862 682 1907 113.
723 1862 921 1906 inseritur
965 1862 984 1903 ὁ
1020 1863 1110 1915 περὶ
1159 1867 1237 1905 τῶν
1277 1864 1407 1917 δώρων
1439 1866 1582 1918 νόμος,

160 1937 234 1994 qui
262 1937 322 1981 sic
351 1936 487 1981 audit:
520 1935 592 1980 εὀὶν
630 1953 694 1985 τις
730 1936 960 1989 Ἀθηναίων
993 1936 1200 1994 λαμβάνῃ
1238 1938 1355 1993 πικροὶ
1389 1956 1521 1993 τινος,
1557 1943 1582 1994 ἢ

160 2012 284 2058 αὐτὸς
321 2011 413 2065 διδῷ
452 2011 594 2065 ἑτέρῳ,
628 2011 651 2061 ἢ
683 2003 897 2066 διαφθείρῃ
927 2012 1044 2060 τινὰς
1080 2013 1477 2067 ἐπαγγελλόμενος,
1510 2018 1578 2060 ἐπὶ

158 2083 311 2139 βλάβῃ
353 2088 426 2128 τοῦ
460 2085 587 2137 δήμου
631 2085 701 2129 καὶ
747 2085 867 2145 (puto
892 2085 933 2145 ἢ)
984 2086 1067 2141 ἰδίᾳ
1108 2087 1215 2134 τινὸς
1252 2091 1331 2129 τῶν
1374 2094 1579 2140 πολιτῶν,

160 2159 294 2213 τρόπῳ
329 2159 353 2208 ἢ
387 2167 562 2214 μηχανῇ
595 2163 792 2217 ᾑτινιοῦν,
833 2161 982 2212 ἄτιμος
1017 2161 1093 2206 ἔςω
1132 2162 1202 2204 καὶ
1235 2164 1384 2211 παῖδες
1419 2166 1488 2208 καὶ
1522 2167 1581 2208 τοὶ

161 2233 325 2279 ἐκείνου.
394 2233 519 2279 Hunc
547 2233 689 2281 locum
719 2234 773 2282 ad
800 2233 1064 2282 Andocidem·
1087 2234 1383 2293 explicandum
1413 2254 1578 2298 semper

198 2409 241 2454 9⁸)
265 2411 423 2443 verissime
448 2410 567 2443 Scho'm.
590 2410 628 2443 de
652 2423 761 2445 comm.
783 2424 816 2456 p.
841 2414 914 2445 75.:
939 2413 1066 2455 ἀτιμία
1090 2414 1162 2448 τῶν
1187 2415 1398 2455 ὀφειλόντων
1419 2417 1499 2450 nihil
1521 2426 1585 2451 erat

152 2468 211 2498 nisi
233 2467 333 2501 debiti
355 2469 491 2501 solvendi
507 2470 751 2503 incitamentum.

209 2521 252 2567 9⁹)
276 2523 396 2558 Scho'm.
422 2526 459 2559 de
480 2527 593 2559 Comm.
612 2538 643 2570 p.
670 2527 724 2559 76.
749 2526 879 2566 Mende
902 2526 975 2560 bon.
995 2527 1095 2560 damn.
1118 2538 1150 2570 p.
1171 2529 1247 2561 142.
1271 2540 1302 2560 n.
1328 2531 1406 2563 468.

196 2578 253 2624 100)
277 2582 439 2614 manifesto
464 2583 633 2616 Andocides
652 2584 709 2615 hoc
729 2590 849 2615 tantum
871 2584 999 2616 affirmat
1018 2584 1055 2615 de
1074 2585 1306 2630 quibuscunque
1329 2588 1383 2630 qui
1410 2588 1542 2633 κλοπῆς
1562 2590 1582 2632 ἢ

155 2636 276 2683 δώρων
301 2636 454 2678 ὄφλοιεν.
489 2640 621 2673 Fallitur
641 2641 738 2686 igitur
760 2640 869 2672 Snidas
893 2653 920 2673 v.
946 2641 1184 2686 ἀναυμαχίου.

198 2693 254 2739 ¹⁰¹>
277 2697 341 2736 CL,
363 2702 399 2728 nt
423 2708 484 2729 uno
509 2699 649 2741 exemplo
671 2697 819 2741 defungar
840 2698 891 2731 scd
915 2698 1096 2740 luculento,
1122 2700 1207 2733 Dein.
1234 2701 1353 2734 Andron.
1379 2703 1397 2744 §x
1422 2705 1476 2736 33,
