1774 3036
93 1311 110 1369 ,²

887 165 942 209 52

207 303 328 347 facile
363 302 599 361 supplebat,
628 311 730 361 quot
755 319 780 347 a
803 303 1053 349 nomothe'tis
1077 320 1100 347 e
1125 306 1330 349 Tisameni
1352 305 1628 362 psephismate

203 379 404 436 probatae
445 384 577 423 erant.
646 379 732 423 Nee
772 379 1007 438 spernenda
1045 387 1107 424 est
1146 381 1269 425 Petiti
1304 380 1482 439 suspicio
1515 379 1596 439 ¹²⁶)
1612 412 1624 433 ,

206 471 259 498 ex
288 455 368 498 hac
403 455 557 498 Dioclis
587 453 682 512 lege
711 454 850 507 adiici,
884 457 904 511 §
938 456 1007 499 96.
1046 461 1212 499 nostrae
1241 456 1451 500 Orationis
1473 456 1517 498 in
1546 455 1626 498 De-

204 530 421 587 mophanti
445 529 742 587 psephismate:
776 529 899 584 άρχει
931 529 1072 585 χρόνος
1096 531 1213 574 τοῦδε
1247 533 1318 574 τοῦ
1346 530 1625 584 ψηφίσματος

204 604 393 655 ἧβουλὺ
424 606 458 647 οἱ
489 605 539 658 φ’
570 605 604 647 οἱ
629 602 839 657 λαχόντες
865 605 921 658 τῷ
954 603 1123 657 κυάμῳ,
1156 600 1225 646 ὅτε
1258 602 1489 655 Κλεογένης
1521 606 1627 657 πρῶ-

203 694 270 725 τος
305 678 645 732 ἐγραμμάτευεν.

261 753 398 797 Etiam
429 753 509 797 hoe
534 753 740 796 Tisameni
769 752 1002 810 psephisma
1032 753 1150 795 initio
1180 752 1379 797 mutilum
1409 758 1481 796 est.

261 829 422 871 Notabo
461 827 689 870 admodum
728 841 887 884 pauca,
935 843 1034 870 eum
1070 827 1173 871 mihi
1201 843 1288 871 non
1318 828 1415 870 satis
1445 832 1626 878 constet,

205 910 351 946 utrum
381 903 617 962 genuinum
648 903 700 945 sit
728 917 807 945 nec
836 918 903 945 ne.

261 978 349 1020 Sub
373 979 511 1035 ipsum
537 978 702 1020 initium
726 976 904 1035 legitur:
938 978 1175 1028 Τισαμενὸς
1197 975 1315 1026 εἷπε,
1338 976 1626 1020 πολιτεύεσθαι

200 1052 436 1101 Ἀθηναίους
480 1051 596 1094 κατὰ
634 1051 690 1093 τὰ
738 1050 912 1104 πάτρια.
985 1050 1200 1094 Debuisset
1237 1052 1332 1099 τοὺς
1372 1050 1623 1100 Ἀθηναίους.

196 1127 294 1169 Mox
322 1126 462 1184 pergit
492 1126 647 1168 ὁπόσων
685 1126 721 1168 δ’
753 1125 804 1168 ἂν
835 1125 1034 1180 προσδέῃ,
1076 1124 1160 1169 οἵδε
1196 1125 1381 1181 ᾑρημένοι
1414 1124 1626 1177 νομοθέται

197 1201 273 1243 ὑπὸ
313 1205 388 1249 τῆς
426 1200 585 1252 βουλῆς
632 1199 953 1254 ἀναγράφοντες
997 1202 1037 1243 ε’ν
1070 1201 1229 1244 σανίσιν
1265 1198 1499 1243 ἐκτιθέντων
1529 1200 1626 1253 πρὸς

198 1276 292 1323 τοὺς
334 1275 588 1327 ἐπωνύμους.
652 1275 776 1319 Solus
805 1274 903 1319 Cod.
935 1276 987 1319 A.
1028 1276 1251 1334 vestigium
1281 1289 1406 1319 verae
1442 1274 1628 1318 lectionis

195 1350 398 1392 servavit:
423 1348 756 1404 ἀναγράφοντας
771 1382 783 1401 ,
811 1349 906 1408 lege
926 1350 1272 1404 ἀναγραφέντας.
1311 1349 1368 1392 At
1391 1364 1503 1392 mxu
1518 1348 1624 1392 v.cl.

197 1423 361 1467 mavult
389 1422 750 1476 οὲναγράψαντας.

258 1497 431 1541 Nullam
475 1512 577 1540 vero
623 1504 763 1554 aptam
804 1498 1192 1555 interpretationem
1234 1498 1460 1542 admittunt
1496 1496 1623 1540 haec:

198 1574 292 1620 τοὺς
316 1573 359 1615 δὲ
385 1572 732 1625 παραδιδομένους
764 1572 907 1624 νόμους
936 1572 1202 1625 δοκιμασάτω
1230 1572 1418 1626 πρότερον
1449 1571 1626 1623 ἧβουλὴ

197 1646 268 1689 καὶ
314 1647 349 1688 οἱ
389 1644 601 1697 νομοθέται
642 1646 677 1687 οἱ
718 1645 1006 1693 πεντακόσιοι,
1051 1643 1117 1693 οὓς
1159 1646 1193 1688 οἱ
1233 1644 1410 1697 δημόται
1454 1643 1623 1687 εἵλοντο.

197 1720 361 1762 Etenim
390 1735 477 1762 non
510 1734 666 1777 urgeo,
690 1719 860 1762 solitum
885 1719 1225 1762 nomothetarum
1249 1734 1477 1762 numerum
1501 1718 1626 1761 fuisse

198 1799 292 1841 Ml,
327 1792 441 1850 quod
464 1799 667 1836 notarunt
695 1793 786 1838 VV.
805 1793 889 1836 DD.
920 1791 1027 1850 12⁷);
1062 1791 1133 1834 sed
1163 1791 1266 1835 mihi
1295 1790 1540 1835 incredibile
1563 1792 1625 1834 vi-

202 1867 345 1919 detur,
369 1882 440 1910 eos
464 1867 668 1924 suffragio
698 1865 822 1909 fuisse
852 1872 1033 1918 creatos,
1056 1881 1154 1909 cum
1179 1864 1445 1909 nomothetae
1475 1881 1528 1909 ex
1546 1865 1625 1909 he-

202 1942 420 1985 liastarum
446 1941 626 1999 collegio
651 1946 763 1983 sorte
784 1939 882 1983 duci
907 1939 1102 1983 solerent.
1141 1941 1285 1996 Neque
1309 1940 1627 1997 transpositione

202 2032 269 2060 res
299 2015 414 2059 salva
444 2016 544 2067 erit;
583 2021 800 2058 tentarunt
826 2015 939 2058 enim
967 2013 1073 2073 ¹2⁸):
1114 2016 1137 2064 ἦ
1171 2014 1304 2066 βουλὴ
1339 2014 1374 2057 οἱ
1404 2014 1456 2069 φ’
1487 2014 1556 2058 καὶ
1590 2015 1625 2058 οἱ

206 2089 447 2141 νομοθέταις
480 2090 710 2146 vigintiviri
739 2089 852 2130 enim
876 2089 959 2140 isti,
986 2089 1147 2131 etiamsi
1172 2104 1197 2131 a
1221 2095 1309 2131 toto
1324 2088 1481 2145 populo
1505 2089 1627 2132 electi

205 2163 331 2207 fuisse
370 2162 566 2207 videntur
599 2164 620 2220 5
647 2163 726 2215 82,
768 2161 919 2205 diserte
950 2177 975 2205 a
1007 2163 1165 2207 Senatu
1198 2162 1402 2207 nominati
1440 2178 1527 2207 esse
1562 2162 1625 2206 di-

204 2246 361 2281 cuntur
390 2240 434 2281 in
463 2240 553 2294 ipso
581 2238 870 2295 psephismate.

266 2311 327 2357 De
371 2312 583 2373 Areopagi
627 2328 730 2358 cura
775 2311 1052 2358 conferendus
1090 2319 1152 2359 est
1189 2313 1243 2359 K.
1283 2313 1348 2360 Fr.
1386 2314 1625 2366 Hermann,

207 2388 509 2432 Staatsalterth.
541 2390 562 2443 §
597 2389 693 2432 109.
726 2404 767 2432 n.
802 2390 960 2431 8—12.

247 2659 303 2703 126)
327 2662 420 2704 Legg.
444 2662 508 2692 An.
532 2671 585 2703 pg.
612 2661 688 2691 195.

244 2715 301 2760 127)
326 2717 359 2749 F.
378 2719 413 2749 Α.
442 2716 546 2757 Wolf,
571 2717 710 2761 Prolegg.
732 2715 769 2749 ad
789 2717 875 2749 Dem.
898 2717 985 2761 Lept.
1011 2728 1041 2761 p.
1067 2724 1196 2749 cxxvm.

242 2773 299 2819 1²8)
324 2774 413 2806 Petit.
439 2775 532 2817 Legg.
558 2776 619 2807 Au.
642 2785 694 2817 pg.
722 2776 798 2807 174.
