1774 3036
799 99 899 176 ν53

226 274 362 328 Quam
401 289 502 318 vero
540 273 678 331 legem
723 261 954 315 Andocides
995 272 1138 315 laudat
1182 274 1201 328 §
1239 271 1310 315 85.
1357 271 1575 329 explicabit

165 349 321 394 Petitus
348 350 477 409 Legg.
509 347 594 392 Att.
626 363 697 407 pg.
732 347 830 391 191.

222 424 304 467 Sed
342 423 549 481 sequentis
588 425 608 479 ξ
645 422 810 465 initium
847 422 1154 466 conclamatum
1192 429 1272 475 est;
1320 437 1407 466 non
1437 421 1574 479 placet

163 498 333 542 Sluiteri
351 498 432 556 12⁹)
459 497 584 541 ratio:
617 496 743 541 etiam
773 495 899 540 ceteri
927 495 1032 539 nihil
1061 495 1311 549 attulerunt,
1344 496 1457 554 quod
1483 511 1573 540 cer-

163 579 253 617 tum
283 574 346 617 sit.

220 648 330 691 Finis
359 650 379 703 §
407 647 476 690 86.
508 647 565 690 sic
594 646 726 690 audit:
761 646 899 695 ἐπειδὴ
931 645 1061 708 τοίνυν
1092 646 1272 699 ἑωρῶμεν
1310 643 1369 687 ὅτι
1403 652 1572 692 πολλοῖς

161 722 239 764 τῶν
273 721 450 764 πολιτῶν
477 718 557 764 εἶεν
583 720 817 777 συμφοραὶ,
850 725 934 769 τοῖς
967 721 1043 773 μὲν
1075 719 1189 763 κατα
1218 718 1387 771 νόμους,
1420 725 1504 767 τοῖς
1532 720 1573 762 δὲ

161 796 273 839 κατὰ
304 796 572 851 ψηφίσματα
602 796 660 839 τα
684 795 872 850 πρότερον
902 795 1133 847 γενόμενα,
1166 795 1352 838 τουτουσὶ
1386 795 1480 842 τοὺς
1514 794 1575 837 νό-

159 887 260 925 μους
292 871 485 929 ἐθέμεθα,
515 872 649 914 αὐτῶν
678 869 815 914 εἵνεκα
845 874 922 912 τῶν
955 870 1035 913 νυνὶ
1070 869 1340 922 ποιουμένων,
1378 870 1445 913 ἵνα
1483 871 1576 913 τού-

159 963 237 989 των
271 947 396 998 μηδὲν
433 945 600 998 γίνηται
638 946 741 997 μηδὲ
780 945 851 999 ἐξῇ
884 949 1160 999 συκοφαντεῖν
1191 945 1347 995 μηδενί.
1411 946 1577 1002 Legen-

159 1020 261 1063 dum
300 1019 485 1063 videtur:
532 1020 646 1063 κατα
675 1019 945 1074 ψηφίσματα
982 1017 1169 1072 πρότερον
1204 1018 1410 1070 γενόμενα
1440 1025 1482 1061 et
1511 1017 1578 1061 ἵνα

159 1094 310 1138 τούτων
341 1094 466 1146 μηδὲν
500 1094 774 1146 ἐγγίνηται
805 1094 908 1146 μηδὲ
941 1093 1012 1149 ἐξῇ
1045 1094 1130 1137 κτὲ.

219 1169 338 1223 Quae
367 1168 482 1227 leges
511 1167 713 1227 leguntur
741 1170 761 1225 ᾗ
795 1170 870 1221 87,
917 1168 1062 1211 laudat
1091 1175 1132 1211 et
1162 1163 1462 1226 interpretatur
1492 1169 1579 1226 ipse

158 1243 474 1296 Demosthenes,
510 1243 705 1288 Aristocr.
738 1245 781 1299 ἕξ
814 1244 868 1286 86
892 1250 934 1287 et
962 1245 1032 1288 87.
1066 1250 1108 1286 et
1136 1244 1315 1287 Timocr.
1352 1245 1394 1298 §§
1411 1243 1491 1295 45,
1520 1243 1574 1286 56

159 1325 201 1361 et
231 1318 301 1361 59.
363 1319 523 1363 Verum
553 1319 764 1361 neminem
796 1317 946 1376 fugiet,
981 1333 1107 1374 quam
1130 1324 1318 1361 contorte
1342 1317 1500 1360 dictum
1526 1319 1577 1360 sit

161 1394 180 1447 §
213 1393 294 1445 883
330 1393 400 1434 vix
430 1398 544 1449 patet
573 1407 657 1448 quo
687 1391 793 1435 illud
822 1388 899 1434 τῶν
931 1392 971 1434 δὲ
1003 1392 1201 1443 δημοσίων
1233 1391 1502 1435 referendum
1527 1393 1578 1434 sit

162 1472 235 1508 aut
264 1466 364 1522 quid
388 1466 606 1524 significet:
633 1467 725 1523 quis
748 1466 860 1509 enim
885 1465 1011 1517 dicet,
1045 1465 1144 1523 quid
1168 1466 1243 1509 sibi
1268 1465 1368 1509 velit
1397 1466 1576 1518 δημόσιοι

162 1539 441 1592 συμβόλαιαΡ

219 1614 314 1667 Qua
350 1613 554 1657 medicina
584 1613 709 1657 modo
747 1629 895 1657 sanare
926 1620 1098 1657 conatus
1134 1630 1226 1657 sum
1259 1615 1278 1669 §
1312 1615 1390 1666 83,
1433 1614 1578 1657 eadem

161 1702 265 1744 opus
294 1686 457 1730 videtur
486 1689 505 1743 §
539 1688 619 1739 89,
653 1688 724 1729 ubi
759 1688 936 1745 legitur:
980 1687 1095 1729 ὁπότ’
1125 1685 1190 1730 οὖν
1221 1686 1353 1737 ἔδοξεν
1387 1689 1482 1738 ὑμῖν
1514 1689 1576 1730 δο-

162 1760 339 1814 κιμάσαι
394 1762 468 1813 μὲν
518 1763 609 1809 τοὺς
654 1761 820 1814 νόμους,
882 1760 1182 1814 δοκιμάσαντες
1236 1763 1269 1804 δ’
1307 1761 1574 1815 ἀναγράψαι.
1601 1767 1610 1822 ζ

162 1836 260 1880 cod.
292 1838 341 1880 A.
384 1852 462 1895 pro
492 1836 791 1889 δοκιμάσαντες
827 1837 952 1880 habet
982 1836 1316 1889 δοκιμασανταςε
1351 1825 1604 1902 legendum}¹
1667 1841 1676 1852 ‘

163 1912 328 1954 videtur
344 1911 695 1963 δοκιμασθέντας.

112 1974 114 1977 V
219 1986 269 2028 In
299 1984 589 2036 iureiurando,
622 1984 733 2041 quod
758 1984 913 2042 legitur
943 1987 961 2040 ξ
987 1985 1055 2029 90.
1089 2001 1186 2029 cum
1218 1984 1472 2028 Schneidero
1492 1984 1571 2042 ¹³⁰)

161 2058 386 2116 legendum
416 2066 477 2100 est
502 2060 609 2106 πλὴν
639 2062 716 2100 τῶν
748 2060 789 2099 λ’
821 2059 889 2100 καὶ
922 2060 1001 2101 τῶν
1033 2061 1089 2100 ια’
1121 2060 1191 2101 καὶ
1223 2064 1301 2101 τῶν
1332 2061 1373 2101 ι’.

220 2130 433 2175 Laudatur
461 2130 613 2175 ibidem
644 2130 929 2190 fragmentum
959 2129 1246 2182 iurisiurandi,
1286 2129 1398 2188 quod
1429 2131 1573 2173 Helia-

162 2215 247 2250 stae
276 2212 486 2263 praestare
518 2205 738 2248 debebant:
772 2206 1001 2248 notandum
1032 2213 1171 2247 tamen
1203 2212 1264 2247 est
1293 2206 1336 2247 in
1366 2206 1574 2248 Heliasta—

163 2298 259 2327 rum
293 2279 580 2334 iureiurando,
628 2280 741 2340 quod
779 2288 989 2325 servatum
1028 2287 1090 2325 est
1128 2281 1246 2325 Dem.
1288 2280 1393 2326 Tim.
1437 2282 1456 2337 ᾗ
1491 2281 1573 2324 149

163 2358 243 2400 hoc
271 2372 356 2399 non
386 2363 558 2399 exstare.
612 2356 692 2398 Sed
724 2356 960 2408 fatendum,
993 2356 1072 2399 hoc
1102 2356 1402 2399 documentum
1433 2357 1575 2399 multis

163 2431 215 2475 de
246 2431 377 2476 causis
407 2437 643 2489 suspectum
674 2429 817 2474 videri.

203 2626 258 2669 ¹²⁸)
282 2627 378 2659 Lem.
402 2628 549 2660 Andocid.
585 2641 617 2673 p.
648 2631 722 2661 135.
779 2630 864 2661 Forte
894 2631 910 2673 ᾗ
935 2631 979 2661 89
1005 2630 1183 2661 emendandi
1208 2632 1285 2663 viam
1310 2639 1471 2664 monstrare
1497 2639 1583 2676 pole-

158 2685 215 2716 rit:
241 2685 418 2717 ἐνταυθοῖ
440 2685 511 2721 ἶςιν
531 2685 550 2717 ὅ
575 2699 610 2719 τι
636 2684 875 2720 ὑπολείπεται
901 2685 974 2719 κτὲ.

204 2739 258 2785 150)
282 2740 326 2772 Ad
352 2740 429 2773 Xon.
453 2741 532 2774 Heu.
559 2742 597 2774 11.
626 2744 656 2775 4.
681 2744 770 2785 538.
820 2742 912 2776 Sluit.
939 2743 1032 2775 Lecu.
1058 2742 1203 2777 Andocid.
1231 2757 1261 2789 p.
1290 2747 1365 2779 136.
