1774 3036
873 143 896 183 7

177 280 258 332 bit,
290 280 334 322 ni
363 279 505 332 fallor,
538 279 780 322 Orationem
805 293 889 321 non
915 294 1032 335 posse
1055 280 1192 323 notari
1220 278 1364 330 obelo,
1397 280 1496 335 quia
1518 280 1587 324 hic

177 361 220 397 et
247 353 335 398 illic
362 354 531 398 historia
560 359 635 397 aut
657 353 881 411 antiquitas
909 368 1130 412 perperam
1158 353 1404 412 explicatur.
1463 354 1588 409 Quod

176 430 334 471 nemini
363 429 518 472 mirum
547 445 632 472 esse
662 429 831 485 poterit,
864 443 961 471 cum
985 429 1064 471 hae
1089 429 1308 472 Orationes
1332 430 1468 472 autin
1496 429 1589 471 foro

176 502 340 545 habitae
369 503 466 555 sint,
500 508 574 546 aut
601 503 644 545 in
670 536 694 557 „
708 501 852 545 mobili
880 502 1193 547 Atheniensium
1218 502 1386 546 turba”.
1448 504 1588 560 Atque

177 583 239 619 tot
265 584 308 619 et
335 584 473 620 tantae
503 576 765 619 difficultates
793 591 870 618 nos
900 576 1097 619 obruunt.

236 650 347 705 Quid
375 665 477 694 vero
501 649 581 693 hoc
609 650 662 693 ad
689 649 973 694 Andocidem?
1025 651 1183 708 Nempe
1212 651 1315 694 haec
1345 652 1388 694 in
1420 652 1587 694 univer-

177 740 270 767 sum
300 724 521 779 disputavi,
553 730 602 766 ut
630 723 730 780 quid
760 723 811 766 de
834 723 899 766 his
922 723 1045 766 rebus
1066 724 1240 766 sentiam
1264 722 1585 781 intelligeretur.

176 798 320 841 Fusius
359 797 431 854 qui
469 797 572 841 haec
607 797 877 855 explicaverit
903 798 1001 840 novi
1031 798 1261 850 neminem3
1310 797 1444 841 libens
1474 797 1592 842 face-

177 887 266 915 rem
297 886 395 929 eg0,
434 870 504 913 sed
533 871 821 928 opportunitas
850 870 973 913 deest.
1044 869 1168 924 Quod
1197 870 1336 921 doleo,
1379 871 1478 927 quia
1507 886 1588 914 nu·

176 947 271 990 bem
300 961 494 989 errorum
523 944 619 989 inde
649 952 783 989 ortam
813 944 958 997 video,
1002 944 1115 1002 quod
1143 944 1246 988 haec
1276 960 1362 988 non
1391 952 1503 988 recte
1527 953 1588 989 te-

176 1027 368 1064 neantur.
430 1022 492 1064 Ex
529 1020 577 1064 iis
615 1028 777 1073 autem,
821 1035 929 1078 quae
964 1034 1092 1077 supra
1125 1020 1260 1079 magis
1288 1020 1438 1064 affecta
1467 1027 1586 1073 sunt,

176 1110 303 1153 quam
357 1095 580 1152 disputata,
636 1096 761 1138 etiam
800 1095 880 1138 hoc
920 1093 1157 1151 apparebit,
1214 1109 1343 1151 quam
1382 1095 1588 1140 lubricam

175 1186 265 1214 rem
315 1170 536 1228 attigerim.
614 1170 709 1223 Quo
759 1170 892 1227 magis
941 1168 1093 1227 dignus
1137 1183 1254 1221 sum,
1313 1170 1380 1213 cui
1425 1185 1588 1213 errores

175 1243 475 1288 condonentur.

234 1320 297 1363 Ps.
332 1318 581 1362 Plutarchus
613 1318 673 1376 ¹¹)
727 1317 1188 1385 Andocidem-WQQQ
1220 1318 1476 1382 &ssziffiflit
1520 1318 1586 1362 Ol.

174 1395 398 1439 LXXVIII.
444 1395 480 1436 1.
525 1392 722 1435 archonte
758 1391 1031 1462 Theagenide.
1111 1377 1259 1434 Oratio
1297 1392 1348 1435 de
1382 1394 1616 1456 Qriis
1670 1431 1706 1436 A

174 1468 313 1511 habita
321 1454 653 1513 estfflbdeCV.
684 1469 722 1510 1.
746 1458 828 1540 101ιῖ
862 1469 881 1522 5
900 1466 1016 1539 132)
1050 1465 1251 1508 archonte
1279 1467 1473 1510 Lachete:
1506 1463 1629 1510 ita—52·
1607 1462 1630 1546 }{

177 1558 258 1601 que
296 1532 415 1585 tunc
434 1538 665 1585 Andocldes
699 1531 862 1584 annum
900 1540 1050 1599 agebat
1072 1530 1157 1583 68
1151 1527 1268 1585 gfff
1271 1529 1405 1596 Quod
1440 1542 1615 1585 absur-·

174 1616 275 1660 dum
314 1632 400 1659 esse
436 1616 541 1659 bene
572 1616 870 1659 demonstravit
900 1616 1079 1661 Vaterus
1104 1615 1185 1675 ¹²),
1219 1624 1309 1660 tum
1341 1616 1433 1659 aliis
1463 1632 1591 1675 argu-

175 1691 345 1742 mentis,
378 1696 468 1732 tum
502 1705 602 1733 vero
631 1690 729 1743 hoc,
762 1689 873 1747 quod
903 1689 1127 1742 adducam,
1168 1690 1267 1746 quia
1296 1690 1483 1747 lepidum
1514 1698 1587 1734 est.

175 1763 406 1808 Andocides
434 1765 477 1806 in
502 1764 580 1806 hac
604 1763 821 1816 Oratione,
855 1765 873 1819 5
900 1765 983 1806 148
996 1797 1007 1816 ,
1040 1765 1386 1823 septuagenarius
1414 1764 1589 1817 scilicet,

176 1840 233 1883 sic
263 1839 470 1896 loquitur:
504 1838 598 1881 τίνω
628 1839 710 1892 γὰρ
747 1838 816 1881 καὶ
856 1837 1183 1892 ἀναβιβάσομαι
1218 1839 1459 1892 δεησόμενον
1493 1840 1591 1894 ὑπὲρ

175 1916 382 1965 ἔμεινα-οῦς
413 1914 481 1955 τὸν
506 1913 691 1966 πωτέρω
719 1913 837 1955 ἀλλὰ
861 1912 1062 1962 τέθνηκεν.
1096 1914 1215 1955 ἀλλὰ
1239 1915 1333 1960 τοὺς
1355 1915 1590 1968 ἁδελφοὺςς

174 1989 273 2031 ἀλλ’
305 1989 375 2030 οὐκ
402 1986 516 2030 εἰσὶν.
550 1986 669 2030 ἀλλὰ
697 1987 790 2035 τοὺς
818 1987 1002 2037 παῖδας-ς
1037 1988 1139 2031 ἀλλ’
1171 1988 1298 2032 οὔπω
1323 1988 1589 2041 γεγένηνται.

175 2064 353 2107 Vaterus
383 2077 423 2117 p.
452 2062 507 2103 41
533 2060 710 2118 probare
741 2067 917 2104 conatur
939 2062 1198 2105 Andocidem
1228 2070 1376 2106 natum
1407 2079 1494 2106 esse
1519 2065 1586 2107 Ol.

177 2137 397 2182 LXXXIV.
427 2136 472 2189 33
507 2142 549 2179 et
579 2135 891 2180 concedendum
917 2144 978 2180 est
1007 2137 1086 2181 hoc
1111 2138 1309 2196 flagitari,
1341 2139 1375 2182 si
1405 2139 1618 2225 genuina3

177 2217 238 2254 est
282 2225 388 2266 quae
424 2209 557 2251 fertur
587 2210 731 2266 Lysiae
761 2210 905 2253 Oratio
936 2226 971 2254 c.
1002 2211 1271 2256 Andocidem.
1340 2213 1458 2256 Hanc
1488 2209 1618 2268 νθῐοξ
1658 2241 1713 2272 :-

177 2284 482 2343 suppositiciam
509 2299 595 2326 esse
622 2285 905 2342 unusquisque
926 2286 1097 2343 agnovit
1126 2280 1219 2343 post
1249 2286 1477 2331 Sluiterum
1502 2288 1586 2347 ¹³),
1605 2287 1617 2334 ἕ

177 2376 274 2404 011111
304 2366 345 2402 et
374 2364 494 2401 antea
523 2357 796 2401 dubitaretur.
868 2359 1018 2404 Videat
1045 2360 1177 2418 igitur
1205 2362 1384 2406 Vaterus
1419 2377 1473 2404 ne
1502 2368 1588 2404 tota

177 2435 399 2492 disputatio
438 2448 534 2476 cum
569 2432 694 2475 huius
735 2432 942 2477 Orationis
970 2434 1050 2477 fide
1081 2442 1262 2479 corruat.
1339 2436 1446 2478 Fieri
1475 2437 1586 2480 enim

215 2628 255 2669 1¹)
280 2628 346 2658 vna
370 2628 410 2659 X.
434 2629 528 2659 Orant.
552 2638 584 2670 p.
609 2629 676 2659 835
701 2629 736 2659 A.

214 2683 254 2727 12)
278 2684 391 2714 Rerum
412 2683 651 2716 Andocidearum
675 2684 782 2727 partic.
805 2684 829 2715 l.
854 2683 953 2716 Berol.
983 2686 1080 2716 1840.
1117 2685 1180 2715 Non
1208 2692 1284 2728 puto
1307 2685 1410 2728 plures
1434 2686 1590 2729 prodiisse.

214 2740 258 2785 ¹³)
280 2743 378 2773 Lectt.
403 2740 548 2773 Andocid.
572 2753 604 2785 p.
631 2743 696 2774 166
719 2752 798 2785 seqq.
821 2742 857 2773 A.
882 2741 918 2773 G.
942 2742 1057 2774 Becker
1079 2742 1228 2775 Andokid.
1254 2755 1284 2785 p.
1313 2744 1347 2774 5.
