1774 3036
47 1887 87 1903 11

851 157 905 198 20

166 294 255 351 ipsa
284 308 351 338 res
377 309 474 339 eum
504 294 698 353 impedit,
731 294 956 351 quominus
990 295 1130 339 omnia
1159 294 1286 339 dubia
1313 296 1460 342 solvat.
1505 297 1588 340 Nos

166 382 459 426 comparemus
487 367 711 413 Andocidis
736 369 1022 413 narrationem
1048 384 1146 413 cum
1167 368 1430 429 Thucydide,
1462 370 1585 416 Plut-

126 388 318 504 (latebo,
373 442 556 494 Diodoro
604 443 769 495 Siculo,
818 449 861 486 et
900 444 934 486 si
978 444 1051 500 qui
1088 451 1187 487 sunt
1230 444 1303 488 alii
1345 444 1426 488 fide
1470 445 1588 504 digni

124 507 131 525 ‘
161 516 397 573 scriptores.

223 591 286 634 Ac
310 592 396 635 iam
424 592 563 635 statim
589 592 609 647 ξ
639 591 693 633 11
724 590 948 635 habemus:
982 588 1028 641 ἦν
1058 592 1135 644 μὲν
1162 591 1246 646 γὰρ
1274 591 1478 641 ἐκκλησίαι
1500 598 1585 640 τοῖς

163 671 415 718 ςρατήγοῖς,
447 671 535 714 τοῖς
563 666 620 714 εἷς
652 664 851 709 Σικελίαν
874 665 951 724 ⁴⁹).
1013 665 1159 709 Tradit
1188 665 1476 710 Schemannus
1503 665 1583 723 ⁵⁰),

160 740 325 783 licuisse
364 746 590 794 ςρατήγοῖς
632 754 864 783 convocare
899 740 1086 785 comitia:
1126 740 1245 797 quod
1274 738 1586 784 concedendum

158 820 242 866 est,
275 831 361 858 non
390 814 472 858 fide
501 815 677 858 istarum
702 814 1031 872 psephismatum
1055 816 1452 873 praescriptionum,
1478 829 1587 872 quae

158 896 324 933 exstant
362 890 406 932 in
436 891 554 933 Dem.
588 891 682 934 Cor.
696 923 708 942 ,
749 889 822 932 sed
851 890 1096 947 praesertim
1127 889 1181 933 ob
1212 889 1343 933 Thuc.
1374 891 1448 934 IV.
1485 889 1584 932 118.

155 964 237 1006 Per
266 979 310 1007 se
339 964 471 1022 igitur
507 963 840 1022 intelligeretur,
882 964 1128 1007 concionem
1159 963 1284 1007 fuisse
1314 968 1586 1007 convocatam

156 1052 181 1079 a
210 1037 497 1094 praetoribus,
529 1036 602 1081 sed
634 1052 760 1080 nemo
784 1036 1021 1080 admonitus
1046 1036 1270 1079 contendet
1295 1036 1466 1090 laudata
1490 1051 1584 1080 ver-

154 1111 210 1154 ba
234 1126 333 1155 eum
363 1126 533 1155 sensum
559 1110 774 1168 praebere.
835 1112 1001 1163 Restat,
1033 1116 1082 1153 ut
1112 1116 1309 1168 putemus
1339 1110 1585 1155 concionem

154 1185 340 1228 habitam
371 1185 520 1237 fuisse,
553 1191 602 1227 ut
625 1184 931 1228 deliberaretur
955 1184 1007 1227 de
1031 1184 1292 1241 expeditione
1316 1186 1360 1227 in
1384 1185 1583 1227 Siciliam.

156 1258 270 1302 Nihil
295 1265 438 1302 tamen
463 1273 569 1316 opus
592 1264 685 1302 erat
709 1258 916 1317 populum
937 1257 1175 1312 consulere,
1208 1274 1307 1303 cum
1336 1259 1587 1318 nuoydvues

156 1333 317 1387 tradat,
350 1335 424 1380 VI.
450 1334 525 1377 26:
559 1334 815 1382 ἀκούσαντες
854 1334 889 1377 δ’
922 1335 956 1377 οἱ
988 1335 1193 1384 Ἀθηναῖοι
1223 1334 1488 1389 ἐψηφίσαντο
1518 1334 1584 1377 εὖ·

153 1410 220 1457 θὺς
254 1407 562 1462 αὐτοκράτορας
596 1405 700 1451 εἶναι
736 1407 807 1451 καὶ
840 1408 931 1462 περὶ
965 1410 1141 1461 ςρατιᾶς
1175 1408 1354 1459 πλήθους
1386 1408 1457 1451 καὶ
1490 1407 1582 1462 περὶ

151 1487 224 1526 τοῦ
269 1483 426 1530 παντὸς
467 1485 578 1526 πλοῦ
611 1482 705 1530 τοὺς
744 1482 980 1535 ςρατήγοὺς
1021 1481 1248 1541 πράσσειν,
1294 1480 1319 1537 ᾖ
1351 1481 1402 1525 ἂν
1442 1483 1583 1529 αὐτοῖς

154 1558 249 1612 δοκῇ
295 1555 423 1610 ἄριςα
470 1552 573 1598 εἶναι
618 1555 861 1606 Ἀθηναίοις.
950 1556 1147 1610 Quocum
1198 1556 1477 1601 conferendus
1525 1562 1588 1599 est

157 1631 273 1673 Plut.
307 1630 398 1673 Alc.
435 1629 510 1681 18,
555 1629 628 1686 qui
657 1628 838 1682 docebit,
880 1628 962 1672 hoc
996 1628 1153 1673 factum
1194 1645 1282 1673 esse
1311 1646 1336 1673 e
1363 1630 1583 1688 rogatione

156 1704 430 1758 Demostrati3
475 1719 528 1747 ex
559 1717 645 1760 quo
679 1703 804 1746 etiam
834 1702 1010 1761 patebit,
1054 1711 1149 1748 ante
1177 1705 1353 1748 Hermas
1382 1703 1584 1757 deiectos,

156 1787 330 1823 utamur
368 1779 482 1821 enim
522 1777 772 1821 Corneliano
811 1777 963 1830 verbo,
1011 1776 1158 1821 πάντα
1201 1777 1393 1830 γενέσθαι
1436 1776 1586 1831 ἕτοιμα

156 1855 255 1908 πρὸς
298 1854 367 1897 τὸν
409 1853 601 1897 ἔκπλουν.
674 1852 792 1896 Adde
831 1852 962 1897 Diod.
993 1852 1076 1897 Sic.
1108 1853 1225 1897 XIII.
1257 1853 1309 1905 2,
1338 1853 1587 1924 Qadit

680 1907 957 1923 ‚pm-*rm-m-a-»w-rsskw«
961 1913 1061 1923 «μην-π.
1103 1914 1126 1924 vu.
1130 1912 1171 1924 aa:
1175 1907 1339 1924 ‚cmv-*amaeam

159 1935 374 1986 praetores
403 1928 536 1986 egisse
567 1941 666 1970 cum
695 1926 875 1978 Senatu,
918 1925 970 1969 de
999 1913 1183 1978 ratidne]
1229 1941 1315 1983 qua
1344 1927 1484 1970 Sicilia
1500 1942 1584 1985 pa-

160 2005 295 2046 canda
334 2001 464 2045 foret:
516 2000 613 2044 τότε
650 2001 727 2053 μὲν
760 1997 826 2044 οὖν
862 2001 897 2044 οἱ
932 1999 1133 2055 ςρατήγοὶ
1170 1999 1287 2053 μετα
1319 2005 1394 2051 τῆς
1426 2001 1584 2053 βουλῆς

160 2079 202 2120 ἐν
232 2077 446 2131 ἀπορρήτῳ
476 2075 778 2129 συνεδρεύοντες
817 2074 1106 2127 ἐβουλεύοντο,
1144 2078 1229 2123 πῶς
1270 2074 1354 2129 χρὴ
1384 2075 1584 2126 διοικῆσαι

159 2152 217 2194 τα
250 2150 365 2193 κατα
394 2150 468 2198 τὴν
498 2148 721 2197 Σικελίαν,
754 2148 826 2191 ἐὰν
852 2153 927 2197 τῆς
961 2149 1082 2198 νήσου
1115 2149 1386 2203 κρατήσωσιν.
1448 2151 1584 2207 Droy-

161 2241 235 2269 sen
260 2224 321 2283 ⁵¹)
356 2224 408 2268 de
437 2223 519 2268 hoc
543 2223 659 2268 loco:
693 2223 788 2267 Das
818 2219 863 2273 ἦν
888 2222 1091 2275 ε’κκλήσία
1112 2229 1198 2272 τοῖς
1225 2229 1449 2277 ςρατήγοῒς
1475 2226 1586 2269 kann

164 2300 271 2342 wohl
299 2299 408 2342 nicht
438 2300 586 2343 andere
610 2312 705 2357 seyn
725 2300 871 2351 soblem,
905 2300 966 2342 als
990 2300 1065 2341 das
1095 2299 1304 2358 officielle:
1345 2298 1585 2352 συγκλήτου

165 2373 392 2424 ἐκκλησίας
433 2373 511 2424 ὑπὸ
551 2378 769 2428 ςρατήγῶν
804 2373 1095 2428 συναχθείσης.
1164 2374 1289 2429 Quod
1328 2373 1481 2440 falsum
1510 2381 1584 2419 est.

201 2588 244 2632 4⁹)
268 2590 333 2631 Quo
365 2591 431 2621 iure
457 2590 533 2621 haec
558 2591 662 2621 concio
684 2589 788 2622 habita
809 2601 871 2623 csse
895 2590 1009 2624 dicitur
1037 2590 1067 2624 d.
1090 2591 1129 2623 X.
1155 2601 1195 2623 m.
1220 2591 1304 2624 lunii
1327 2589 1367 2623 ab
1389 2591 1424 2623 A.
1448 2590 1484 2624 G.
1508 2589 1591 2623 Bek-

153 2646 228 2677 kero
253 2658 284 2690 p.
312 2646 380 2677 19?

201 2700 242 2745 5⁰)
266 2703 309 2734 De
331 2702 445 2736 Comm.
465 2714 517 2748 pg.
542 2705 597 2736 61.

202 2758 243 2803 51)
269 2759 364 2792 Rhen.
393 2761 469 2796 Mus.
498 2761 597 2798 1835.
622 2773 653 2806 p.
681 2762 755 2795 189.
