1774 3036
870 176 923 218 26

179 315 273 360 dem
305 316 467 361 ratione
498 322 699 360 tractatus
729 315 809 359 fuit
837 330 888 359 ac
918 314 1088 373 reliqui,
1131 330 1208 360 cur
1237 314 1281 359 hi
1309 330 1395 359 non
1426 316 1598 361 eandem

176 391 348 444 γραφὴν
393 390 693 433 instituerunt?
763 389 935 433 Accedit
980 389 1116 447 quod,
1161 391 1199 433 si
1242 405 1341 433 vere
1384 392 1604 435 emendavi

177 463 439 519 δεσμωτηρίῳ
453 497 466 514 ,
515 470 603 509 tota
642 463 865 522 explicatio
912 464 1034 509 cadit.
1115 463 1459 508 Emendationem
1500 479 1603 509 vero

175 545 267 581 tum
298 539 504 582 sermonis
528 538 645 598 leges
668 538 882 597 postulare
906 538 1120 591 videntur,
1152 544 1245 582 tum
1270 537 1484 583 Plutarchi
1508 555 1604 583 ver-

174 613 253 666 ba,
295 629 405 672 quae
434 613 560 658 modo
590 614 781 658 laudavi:
828 614 1028 667 ἐνέβαλον
1064 614 1159 663 τοὺς
1194 614 1371 662 ὁπωςοῦν
1409 615 1603 658 ἐπαιτια-

174 688 321 736 θέντας
354 688 544 742 ἀκρίτους
575 690 635 737 εἰς
666 690 713 732 ’τὸ
745 689 1107 742 δεσμωτήριον.

234 762 470 820 Aliquanto.
504 763 655 807 melius
695 778 807 806 mxu
847 779 887 808 v.
925 763 1003 807 cl.:
1050 762 1288 817 παράνομον
1334 764 1377 806 in
1408 778 1458 806 eo
1487 769 1601 815 erat,

173 836 289 893 quod
329 838 568 889 συλλαβεῖν
599 852 685 880 non
715 837 884 890 liceret,
928 839 1001 896 qui
1025 837 1285 880 fideiussores
1315 837 1491 880 dedisset
1523 837 1601 897 ⁶⁶).

172 911 319 968 Neque
343 910 496 954 infitias
519 911 613 964 ibo,
643 912 755 955 hanc
785 912 911 956 fuisse
940 919 1125 956 mentem
1155 911 1367 955 Orationis
1396 912 1600 964 auctoris3

172 984 264 1038 sed,
311 1000 416 1043 pace
446 985 553 1029 tanti
582 986 681 1039 viri,
712 987 785 1030 vix
818 1002 868 1031 ea
897 1001 999 1030 vera
1028 987 1132 1030 mihi
1155 986 1333 1030 videtur.
1395 986 1604 1044 Leogoras

173 1060 288 1104 enim
317 1060 578 1105 fideiussores
599 1061 731 1115 dedit,
756 1070 973 1121 postquam
1002 1061 1202 1116 παρεδόθη
1228 1062 1286 1115 τῷ
1307 1060 1525 1115 δικαςηρίῳ
1547 1075 1601 1104 an

172 1136 231 1188 τῷ
269 1135 550 1189 Secutae-apim:
598 1136 830 1194 Speusippo
868 1137 1001 1195 igitur
1033 1135 1141 1178 nihil
1185 1135 1385 1192 imputari
1424 1142 1599 1192 poterat.

171 1209 254 1252 Sed
268 1242 279 1262 ,
324 1208 439 1267 quod
467 1210 601 1253 miror
630 1211 919 1255 acutissimum
947 1212 1090 1254 virum
1120 1209 1310 1268 fugisse:v
1337 1210 1370 1253 si
1395 1210 1487 1267 quis
1512 1225 1601 1254 ma—

173 1284 375 1343 gistratus
403 1283 521 1343 leges
551 1285 773 1344 migrasset
800 1292 844 1329 et
873 1285 1028 1329 abusus
1057 1284 1200 1328 fuisset
1227 1300 1303 1328 sua
1332 1284 1597 1337 auctoritate,

173 1364 322 1402 contra
352 1374 451 1402 enm
481 1374 568 1402 non
597 1361 746 1414 γραφὴ
778 1360 1028 1414 παρανόμων
1057 1360 1371 1412 instituebatur,
1405 1359 1518 1417 quod
1546 1375 1600 1403 ne

170 1432 324 1476 licebat
347 1431 537 1490 quidem,
570 1431 643 1476 sed
664 1434 1073 1488 ἄποχειροτονεῖσθαι
1094 1440 1279 1492 poterat,
1313 1439 1387 1477 aut
1409 1433 1599 1488 προβαλ-

172 1508 320 1551 λεσθαι
359 1513 436 1551 aut
469 1523 625 1564 poenas
660 1507 761 1551 dare
795 1509 837 1550 ἐν
869 1508 1069 1556 εὐθύναις.
1097 1508 1173 1567 ⁶⁷).
1241 1509 1298 1552 At
1324 1509 1416 1551 fieri
1444 1515 1596 1565 potest,

172 1588 223 1625 ut
253 1582 509 1640 Speusippus
538 1589 741 1641 tanquam
769 1583 958 1641 privatus
986 1582 1221 1641 psephisma
1250 1582 1461 1641 quoddam
1490 1582 1599 1627 tule-

172 1658 250 1709 rit,
293 1664 336 1700 et
369 1673 470 1700 sane
498 1658 558 1701 sic
587 1664 736 1701 contra
765 1674 864 1702 eum
896 1673 974 1716 per
1002 1675 1069 1712 γρ.
1097 1675 1249 1712 παραυ.
1277 1674 1404 1717 agere
1433 1657 1596 1701 licebat.

172 1730 256 1775 Sed
291 1746 370 1776 cur
402 1732 658 1790 Speusippus
687 1731 740 1776 de
772 1732 863 1776 solo
891 1733 1081 1792 Leogora
1110 1733 1345 1791 psephisma
1373 1733 1492 1786 tulit,
1524 1739 1600 1776 aut

172 1806 207 1849 si
226 1805 280 1848 de
297 1806 491 1863 pluribus
511 1807 626 1859 tulit,
644 1807 792 1864 quidni
807 1822 952 1851 omnes
965 1808 1046 1851 hoc
1060 1809 1164 1851 iuris
1177 1808 1378 1851 beneficio
1393 1808 1456 1850 usi
1471 1809 1598 1851 sunt?

234 1879 463 1926 Videamus
480 1894 597 1923 nunc
620 1879 847 1932 rationem,
872 1895 957 1937 qua
981 1879 1123 1923 locum
1142 1880 1441 1937 interpretatur
1459 1880 1599 1939 Droy-

171 1970 242 2000 sen
269 1954 347 2014 ⁶8).
408 1956 538 1998 Recte
568 1954 671 1998 vidit
699 1955 871 2010 γραφὴν
902 1953 1151 2009 παρανόμων
1182 1955 1413 1998 necessario
1442 1955 1601 1999 institui

174 2036 322 2095 contra
350 2029 586 2088 psephisma
616 2029 787 2088 aliquod
817 2046 849 2075 s.
876 2029 1015 2089 legem
1041 2037 1082 2073 et
1108 2030 1327 2087 quaesivit,
1361 2030 1486 2088 quale
1507 2046 1599 2089 pse-

172 2106 337 2165 phisma
375 2104 483 2149 illud
522 2104 649 2148 fuisse
677 2105 873 2162 potuerit.
945 2106 1066 2160 Quae
1095 2120 1163 2149 res
1192 2111 1333 2148 tamen
1362 2105 1477 2149 haud
1506 2105 1597 2149 feli-

173 2181 278 2225 citer
308 2180 348 2223 ei
377 2180 584 2223 successit.
647 2180 754 2222 Nam
767 2212 779 2232 ,
812 2194 920 2237 quae
949 2179 1029 2223 hac
1059 2180 1110 2223 de
1136 2195 1183 2223 re
1208 2179 1411 2237 disputat,
1441 2180 1602 2223 nemini

172 2254 389 2314 probabit,
432 2270 529 2299 cum
559 2254 841 2312 Speusippum
861 2254 1062 2307 βασιλέα
1091 2270 1178 2298 esse
1202 2261 1321 2312 putet
1349 2270 1487 2313 neque
1504 2244 1600 2299 *du-

173 2330 278 2374 bitet
322 2330 425 2387 quin
469 2331 617 2385 γραφὴ
652 2329 858 2382 ἀσεβείας
900 2336 1048 2373 contra
1086 2345 1178 2373 reos
1222 2330 1350 2373 fuerit
1392 2330 1597 2382 instituta,

174 2406 400 2450 immemor
429 2404 646 2449 Plutarchi
676 2405 772 2464 qui,
816 2411 865 2449 ut
894 2420 1021 2464 supra
1051 2404 1159 2458 dixi,
1200 2405 1344 2460 tradit,
1378 2420 1524 2449 omnes
1556 2405 1599 2450 in

176 2481 350 2526 vincula
380 2480 507 2524 fuisse
537 2480 756 2525 coniectos.

215 2670 258 2714 66)
281 2670 384 2702 Schol.
405 2671 489 2714 Hyp.
510 2671 534 2702 l.
556 2681 589 2714 p.
615 2672 694 2702 222.
745 2670 829 2701 Dcm.
854 2669 931 2701 Tim.
957 2670 974 2712 §5
1000 2669 1077 2700 144.

216 2728 258 2771 ὓ7)
283 2727 368 2760 Nihil
391 2729 501 2761 attinet
526 2728 558 2760 in
580 2727 695 2761 talibus
718 2727 841 2761 laudare
864 2728 1029 2768 meierum,
1053 2725 1294 2768 Schb’mannum,
1320 2727 1592 2761 Wachsmuthium.

216 2784 260 2829 68)
286 2786 320 2817 L.
337 2785 358 2816 1.
383 2796 414 2828 p.
440 2785 519 2816 201.
