1774 3036
873 167 927 209 21

191 310 293 362 Sed,
317 309 429 367 quod
448 299 741 368 gravissimum
766 311 844 358 est,
872 308 1072 373 Isocrates
1092 307 1218 351 tradit
1242 306 1351 350 hanc
1377 306 1609 350 denuncia-
1648 357 1657 377 r

191 386 348 430 tionem
387 384 540 429 factam
579 398 668 427 esse
704 383 749 427 in
788 382 944 427 Senatu
970 382 1057 441 ⁵2):
1097 385 1374 436 εἰσήγγελλον
1418 383 1475 430 εἷς
1522 400 1607 432 την
1644 386 1655 462 ⁵

706 434 969 453 W

189 458 399 510 βουλήν,
442 456 638 510 λέγοντες
672 456 724 503 ὥς
753 454 773 497 ὂ
808 455 944 509 πατηρ
982 456 1059 508 μὲν
1090 455 1260 509 συνάγοι
1295 473 1368 506 την
1400 455 1606 510 ἑταιρείαν

190 531 489 586 ε’πὶνεωτέροις
525 529 800 584 πράγμασιν,
833 526 939 573 οὗτοι
971 531 1006 573 δ’
1037 531 1078 573 ἐν
1108 538 1160 587 τῇ
1193 531 1470 579 Πουλυτίωνος
1499 531 1608 584 οἰκία

190 594 519 653 συνδειπνοῦντες
549 603 608 647 τα
636 603 818 658 μυςήρια
848 604 1076 654 ποιήσειαν.

246 682 309 725 Ne
339 695 465 725 causa
494 677 633 732 cadat,
663 694 830 723 necesse
859 685 941 732 est,
973 684 1022 722 ut
1044 678 1294 731 Andocides,
1328 680 1448 723 sicuti
1476 687 1519 723 et
1545 680 1605 724 fa-

189 769 285 802 cere
317 755 496 807 videtur,
530 753 671 798 omnia
697 760 892 798 accurate
920 752 1078 806 tradat,
1122 768 1231 812 quae
1260 769 1358 797 cum
1387 754 1466 797 isto
1496 756 1606 797 Her-

188 829 503 888 mocopidarum
538 829 713 873 crimine
743 828 862 871 fuere
892 830 1135 882 coniuncta3
1174 828 1246 872 sed
1274 844 1360 873 non
1391 828 1603 886 intelligo,

188 902 400 962 quomodo
429 902 565 947 multa
588 902 771 955 omittat,
799 917 907 960 quae
931 902 984 945 ad
1006 917 1175 946 causam
1199 910 1335 946 essent
1364 917 1605 946 accommo-

188 979 415 1030 datissima‚
448 976 583 1021 multa
606 977 819 1029 immutet,
850 977 928 1020 etsi
964 976 1033 1020 vel
1064 977 1123 1020 sic
1147 992 1296 1020 causae
1320 993 1406 1020 non
1431 977 1602 1034 prosint.

187 1052 314 1097 Cuius
343 1051 405 1094 rei
429 1049 614 1108 plurima
642 1049 877 1107 exempla
864 1064 908 1092 m
933 1064 1022 1106 sqq.
1048 1048 1305 1093 habebimus.
1367 1049 1476 1093 Dicit
1504 1065 1543 1094 v,
1568 1066 1602 1093 c.

186 1125 382 1178 μηνύσεις
429 1124 559 1168 factas
597 1123 721 1166 fuisse
761 1130 983 1180 quattuor,
1024 1138 1177 1180 nempe
1206 1123 1260 1166 ab
1288 1123 1602 1174 Andromacho,
1624 1122 1631 1171 I

186 1201 370 1252 Teucro,
410 1197 624 1257 Agafiste,
665 1196 795 1255 Lydo.
865 1195 948 1240 Sed
983 1210 1062 1240 cur
1099 1210 1335 1240 memorare
1364 1197 1606 1255 supersedet

185 1272 457 1326 Androclem,
499 1271 552 1317 de
580 1287 667 1330 quo
701 1269 812 1316 Plut.
843 1270 936 1315 Alc.
969 1271 1040 1316 19.
1083 1273 1151 1314 Ἐν
1189 1270 1231 1314 δὲ
1268 1271 1399 1326 τούτῳ
1438 1272 1603 1320 δούλους

167 1348 299 1396 ·τινιὲς
343 1348 413 1390 καὶ
450 1345 664 1400 μετοίκους
703 1347 946 1401 προήγαγεν
990 1346 1235 1399 Ἀνδροκλῆς
1265 1347 1284 1388 ὃ
1317 1347 1571 1400 δημαγωγὸς
1589 1381 1601 1396 ,

182 1421 323 1465 ἄλλων
357 1423 396 1464 τ’
423 1419 692 1473 ἀγαλμάτων
731 1411 995 1473 περικοπὰς,
1019 1419 1090 1461 καὶ
1129 1419 1334 1473 μυςηρίων
1371 1424 1471 1474 παρ’
1502 1420 1603 1465 οἶνον

182 1494 487 1548 ἀπομιμήσεις,
520 1498 591 1538 τοῦ
610 1493 884 1545 Ἀλκιβίάδου
908 1493 978 1537 καὶ
998 1494 1078 1536 τῶν
1094 1493 1229 1549 φίλων
1252 1500 1600 1548 κατηγοροῦντας.

241 1570 298 1613 At
321 1575 520 1626 quattuor
542 1568 588 1611 hi
611 1567 783 1611 fortasse
806 1567 1148 1625 producebantur
1171 1567 1225 1611 ab
1248 1568 1474 1613 Androcle.
1521 1569 1603 1613 Sed

183 1642 413 1687 Androcles
441 1642 639 1700 produxit
667 1641 833 1690 δούλους
856 1641 927 1685 καὶ
952 1641 1191 1695 μετοίκους,
1224 1657 1310 1686 non
1335 1643 1467 1701 igitur
1489 1645 1603 1703 Aga-

182 1715 331 1770 ris'ten‚
374 1732 481 1774 quae
519 1723 611 1760 erat
648 1716 798 1760 nobilis
836 1715 1014 1768 femina,
1054 1732 1193 1773 neque
1230 1716 1573 1761 Andromachum
1587 1753 1597 1771 ,

112 1836 139 1850 d
182 1794 256 1852 qui
290 1790 520 1851 productus
558 1797 620 1834 est
652 1806 678 1834 a
706 1789 949 1849 Pythonico.
1020 1791 1196 1833 Restant
1238 1792 1400 1835 Teucer
1440 1799 1482 1835 et
1519 1793 1601 1851 Ly-

105 1868 109 1871 ’
141 1851 148 1856 ’
182 1868 279 1920 dus,
325 1881 507 1924 quorum
543 1865 615 1908 ille
644 1865 857 1917 μέτοικος,
904 1864 974 1908 hic
1009 1880 1170 1909 servus.
1231 1865 1313 1908 Sed
1353 1865 1604 1910 Plutarchus

181 1939 446 1999 loquiturde
469 1939 670 1984 nonnullis
692 1938 906 1996 inquilinis
929 1945 971 1981 et
989 1939 1129 1982 servis.
1165 1939 1320 1995 -Neque
1339 1938 1421 1982 dici
1444 1947 1596 1997 potest,

181 2016 324 2075 plures
354 2014 483 2058 factas
506 2012 631 2056 fuisse
660 2012 879 2065 μηνύσεις,
911 2027 1012 2056 nam
1041 2019 1133 2057 tum
1159 2019 1248 2058 tota
1277 2013 1502 2060 Andocidis
1532 2015 1599 2060 di-

181 2090 360 2149 sputatio
390 2087 511 2132 cadit.
572 2089 680 2130 Rem
710 2087 974 2130 confirmabit
1002 2087 1278 2145 Thucydides.

240 2166 291 2208 In
316 2162 504 2221 sequenti
527 2163 548 2218 §
569 2161 711 2206 itidem
735 2161 870 2206 multa
897 2162 1082 2207 notanda
1104 2169 1215 2206 sunt.
1247 2149 1468 2221 Prytanes',
1496 2180 1596 2209 con-

182 2239 310 2283 cionis
338 2237 642 2288 moderatores,
681 2237 857 2290 abeunt,
889 2243 940 2280 ut
967 2236 1321 2294 comprehendant
1354 2238 1597 2284 Androma-

179 2314 307 2358 chum
320 2347 331 2366 ,
352 2319 444 2356 tum
466 2310 645 2355 redeunt
661 2317 704 2355 et
723 2310 844 2356 ἄδεια
865 2311 990 2356 datur
1007 2311 1319 2358 Andromacho.
1356 2313 1438 2357 Sed
1458 2315 1595 2372 primo

181 2387 275 2431 loco
318 2385 544 2430 ridiculum
582 2392 644 2428 est
685 2386 779 2433 τοὺς
819 2385 1036 2439 πρυτάνεις
1074 2388 1256 2435 αὐτοὺς
1300 2388 1401 2430 ἱέναι
1440 2390 1507 2431 ἐπὶ
1548 2392 1594 2433 τὸ

177 2461 411 2515 μειράκιον;
444 2466 536 2503 tum
561 2475 647 2503 non
672 2459 948 2504 observantur
968 2476 1036 2513 ea,
1059 2476 1167 2519 quae
1192 2461 1294 2504 dixit
1319 2461 1589 2519 Pythonicus;

179 2535 398 2579 manifesto
430 2536 542 2579 enim
580 2535 788 2586 voluerat,
829 2541 879 2577 ut
916 2534 1038 2579 ἄδεια
1074 2535 1246 2579 daretur
1274 2535 1569 2581 Andromacho
1582 2571 1592 2590 ,

180 2615 404 2667 antequam
428 2609 733 2668 produceretur
755 2610 797 2653 in
830 2610 1093 2666 concionem;
1136 2610 1206 2655 sed
1236 2626 1290 2656 nc
1319 2611 1405 2656 hoc·
1424 2612 1593 2670 quidem

219 2770 262 2815 ⁵2)
284 2772 373 2804 Isocr.
395 2769 432 2804 de
458 2771 525 2815 Big.
552 2771 569 2813 ς
591 2773 623 2804 6.
