1774 3036
870 143 895 185 2

172 283 394 326 Orationes
424 283 561 326 statim
593 281 882 325 intellexeram
916 282 1086 325 maximi
1116 283 1237 340 pretii
1266 297 1351 325 esse
1382 283 1435 325 ad
1464 282 1590 325 histo-

173 358 281 400 riam
320 364 362 399 et
397 357 686 413 antiquitatem
717 356 1069 414 cognoscendam,
1112 357 1146 398 si
1175 356 1299 399 modo
1329 356 1483 412 ubique
1511 355 1592 399 fide

173 431 326 489 dignae
356 436 502 473 essent.
566 431 663 484 Qua
691 429 742 472 de
773 445 819 472 re
849 429 1025 473 dubium
1054 429 1402 482 subnascebatur,
1441 430 1591 473 confir-

177 512 337 549 matum
383 505 628 548 auctoritate
667 506 771 548 tanti
813 505 912 557 viri,
961 521 1057 547 cum
1097 504 1340 560 praesertim
1372 504 1593 547 Oratorem

176 586 368 623 nostrum
414 581 458 622 in
499 579 640 623 multis
679 579 803 622 rebus
833 595 858 622 a
889 580 1033 622 ceteris
1063 578 1331 637 scriptoribus
1360 578 1595 635 discrepare

177 653 572 697 animadvertissem.
645 656 751 697 Rem
792 654 1027 697 accuratius
1055 654 1305 711 investigare
1336 652 1472 710 coepi:
1512 668 1593 695 no.—

177 728 291 771 tulae
338 729 580 772 crescebant
618 730 768 772 sensim
809 728 1116 785 paulatimque;
1165 727 1333 771 tandem
1362 728 1454 771 illas
1483 726 1596 770 haud

177 803 366 857 ineptum
412 801 702 843 dissertationis
742 808 1041 858 argumentum
1087 802 1243 858 putavi.
1314 801 1483 844 Absolvi
1527 802 1596 843 in-

179 875 349 926 choata,
378 874 528 933 digessi
553 875 765 918 absoluta:
789 875 958 918 tandem
984 875 1136 933 prodiit
1159 875 1262 918 haec
1283 875 1526 932 disputatio,
1553 876 1596 918 in

179 964 263 1006 qua
292 949 471 1006 probare
503 950 687 993 conabor
718 950 938 992 Andocidis
966 949 1199 993 Orationem
1223 952 1273 992 de
1303 948 1509 1006 Mysteriis
1531 950 1600 991 vix

178 1024 363 1067 adhiberi
397 1039 518 1081 posse
559 1026 615 1067 ad
648 1025 858 1067 historiam
894 1032 933 1067 et
963 1025 1239 1081 antiquitatem
1274 1026 1596 1081 coynoscenda'm.

179 1097 344 1141 Lubens
384 1105 541 1141 ceteras
581 1114 749 1155 quoque
783 1098 1000 1141 Orationes
1030 1105 1292 1150 tractassem,
1336 1098 1406 1141 sed
1436 1106 1601 1156 tempus

183 1172 328 1215 defuit.

238 1247 400 1291 Vereor
445 1261 499 1288 ne
538 1245 643 1289 haec
679 1261 773 1288 mea
813 1247 1014 1289 sententia
1045 1246 1345 1290 inconsiderate
1374 1247 1506 1304 posita
1535 1247 1601 1288 vi—

177 1320 327 1364 deatur
357 1322 400 1363 in
432 1322 521 1378 ipso
552 1321 745 1378 opusculi
770 1322 853 1364 mei
883 1322 1070 1365 introitu.
1123 1322 1261 1376 Quam
1292 1321 1344 1365 ob
1373 1337 1463 1365 rem
1489 1321 1603 1365 haud

178 1395 363 1437 alienum
408 1402 513 1451 puto
559 1410 769 1452 apponere
812 1395 940 1437 verba
980 1403 1175 1437 xiiiio-mu
1215 1410 1254 1438 v,
1290 1395 1367 1438 cl.:
1410 1429 1434 1449 ,‚
1452 1396 1600 1439 Ueber-

181 1471 308 1526 haupt
347 1469 456 1526 darf
490 1485 587 1511 man
623 1470 684 1512 bez·
719 1469 980 1513 historischen
1009 1470 1210 1526 Anqaben
1239 1470 1499 1514 Niemanden
1527 1484 1604 1513 we-

183 1545 300 1602 niyer
331 1552 477 1587 tranen
508 1545 569 1586 abs
598 1544 690 1587 dem
719 1543 976 1587 Andocide8'’
996 1543 1051 1603 2).

243 1620 416 1662 Frustra
446 1633 657 1675 sperarem
683 1634 751 1661 me
782 1618 938 1676 ubique
963 1620 1053 1664 VV.
1080 1620 1165 1662 DD.
1198 1620 1443 1662 sententiam
1469 1634 1606 1661 meam

183 1693 463 1751 probaturum
508 1708 618 1745 esse,
668 1692 740 1735 sed
778 1692 880 1745 hoc,
928 1693 973 1736 ni
1008 1692 1155 1745 fallor,
1195 1708 1448 1750 consequar,
1480 1699 1528 1735 ut
1556 1691 1607 1735 de

183 1768 375 1825 pluribus
405 1767 530 1810 rebus
556 1768 793 1810 accuratior
817 1769 1058 1810 instituatur
1088 1768 1317 1823 inquisitio,
1351 1781 1479 1823 quam
1503 1766 1606 1808 huc-

182 1857 316 1898 usque
370 1840 479 1883 facta
532 1847 605 1884 est.
682 1840 900 1884 Ridiculus
944 1842 1055 1884 enim
1101 1841 1233 1884 forem
1246 1874 1257 1894 ,
1305 1841 1339 1883 si
1387 1847 1580 1898 putarem
1593 1872 1604 1891 ,

181 1915 346 1959 nullam
359 1948 370 1967 ,
414 1930 541 1972 quam
571 1916 790 1972 proposui,
833 1914 1121 1958 difficultatem
1150 1915 1254 1958 solvi
1282 1930 1412 1972 posse.
1474 1913 1608 1960 Valde

184 1992 298 2035 enim
327 2005 501 2042 vereor,
533 2005 588 2033 ne
617 1990 830 2034 interdum
860 1991 1020 2033 nodum
1051 1990 1327 2047 quaesiverim
1352 1991 1395 2032 in
1426 1989 1575 2046 scirpo.

254 2065 495 2118 Quaeretur
535 2063 707 2107 fortasse
743 2080 796 2107 ex
824 2080 912 2116 me,
955 2064 1100 2121 quidni
1129 2064 1373 2107 Orationem
1401 2062 1606 2106 Andocidi

189 2139 537 2192 abiudicaverim,
580 2153 679 2183 cum
718 2138 821 2181 tales
850 2153 1032 2190 errores,
1075 2138 1148 2195 qui
1178 2137 1345 2195 quidem
1374 2137 1477 2180 tales
1506 2135 1610 2179 mihi

188 2213 412 2256 videantur
435 2229 541 2265 esse,
574 2212 778 2255 Andocidi
808 2212 936 2255 tribui
965 2227 1051 2255 non
1076 2212 1253 2268 possint,
1287 2212 1377 2263 cui,
1409 2225 1506 2253 cum
1530 2225 1610 2266 pro

190 2288 325 2344 capite
370 2287 545 2339 diceret,
603 2286 738 2330 multa
789 2286 934 2329 liceret
979 2284 1233 2343 amplificare
1278 2291 1351 2327 aut
1394 2284 1608 2335 minuere,

188 2363 331 2420 prouti
371 2377 495 2405 causa
535 2361 793 2418 postulabat,
841 2377 928 2404 non
959 2375 1060 2403 vero
1092 2360 1290 2403 audacter
1319 2358 1498 2402 mentiri.
1560 2358 1611 2400 Et

188 2451 287 2480 sane
327 2436 423 2479 satis
459 2450 691 2492 propensus
730 2450 824 2478 sum
854 2434 908 2477 ad
947 2434 1056 2477 hanc
1086 2434 1324 2490 opinionem
1356 2430 1608 2487 amplecten-

189 2510 299 2553 dam.
364 2509 489 2563 Quod
520 2509 743 2566 quominus
772 2510 855 2552 iam
886 2524 1002 2552 nunc
1033 2508 1233 2559 facerem,
1277 2505 1488 2563 prohibuit
1517 2520 1606 2558 me,

191 2584 305 2642 quod
344 2584 474 2641 probe
503 2591 647 2636 teneo,
695 2583 860 2626 nullam
891 2583 1135 2626 Orationem
1166 2580 1327 2624 auctori
1358 2579 1430 2637 qui
1459 2595 1610 2636 nempe

227 2747 254 2791 ²)
279 2749 415 2792 Kriiger‚
439 2748 490 2781 bei
515 2751 550 2781 A.
570 2748 606 2780 Gr.
629 2748 760 2788 Becker,
786 2748 937 2781 Andokid.
965 2748 1064 2780 fibers.
1091 2759 1122 2779 u.
1147 2747 1313 2788 erlfiutert,
1337 2758 1369 2790 p.
1395 2747 1473 2779 263.
