1774 3036
876 136 930 179 57

199 279 289 317 tum
320 271 578 319 Pisistratidis
606 274 809 333 superatis
827 276 906 335 ¹⁴4)
922 310 932 330 ‚
959 284 1050 321 tum
1074 282 1167 334 post
1191 274 1350 320 bellum
1382 276 1605 321 Persicum.

199 347 311 400 Quid
340 357 479 393 autem
510 349 674 402 accidit,
714 351 973 395 Pisistratidis
1002 351 1200 394 devictis?
1260 352 1408 394 Risum
1439 352 1610 394 teneatis

283 455 293 465 .
335 421 603 471 κατελθόντες
642 424 699 471 εἷς
740 423 815 473 τήν
853 424 1059 478 πατρίδα,
1099 424 1192 471 τοὺς
1222 424 1297 475 μὲν
1332 422 1606 471 ἀπέκτειναν,

197 499 274 538 τῶν
291 496 332 539 δὲ
349 498 490 552 Φυγήν
507 498 776 550 κατέγνωσαν
787 531 799 547 ,
822 498 915 545 τοὺς
934 498 974 541 δὲ
990 498 1125 550 με’νειν
1141 500 1181 541 ἐν
1196 504 1248 553 τῇ
1268 497 1386 540 πόλει
1405 497 1611 544 ἐάσαντες

197 569 424 623 ἠτίμωσαν.
457 571 596 629 Atque
616 571 709 615 talis
732 571 992 615 ratiocinatio
1013 571 1322 617 Valckenaeriis
1347 570 1484 615 fraudi
1510 570 1609 614 fuit!

258 647 378 700 Quae
417 646 544 689 tradit
581 645 813 690 Andocides
852 645 903 689 de
942 645 1055 689 bello
1088 647 1253 689 Persico
1290 647 1373 689 iam
1403 647 1522 705 attigi
1556 649 1610 689 ad

196 736 240 766 n.
273 721 371 764 119.
434 720 515 764 Sed
534 735 649 765 nunc
676 737 826 779 operae
855 722 1037 779 pretium
1067 736 1135 765 me
1165 720 1302 764 facere
1331 720 1543 772 existimo,
1576 721 1610 763 si

197 801 332 838 totum
372 794 512 837 locum
552 796 762 839 exseribo:
806 794 941 849 ὕςερον
978 796 1013 839 δ’
1044 795 1164 846 ἠνίκα
1195 795 1400 847 βασιλεὺς
1434 793 1610 846 ἐπες-ρά-

195 885 337 913 τευσεν
367 869 433 912 ἐπὶ
465 870 538 919 τήν
568 869 781 919 Ἑλλάδα,
813 869 979 922 γνόντες
1010 873 1088 913 τῶν
1119 873 1336 925 συμφορῶν
1366 872 1445 912 τῶν
1472 870 1607 912 ἐπιου-

196 948 274 986 σῶν
310 944 357 986 τὸ
399 944 572 996 μέγεθος
605 944 674 987 καὶ
707 945 779 993 την
811 946 1076 998 παρασκευὴν
1106 948 1178 987 τοῦ
1210 943 1441 998 βασιλέως,
1482 942 1608 994 ἔγνω-

197 1034 274 1060 σαν
323 1018 416 1066 τούς
459 1035 507 1062 τε
555 1019 773 1073 φυγόντας
819 1018 1129 1070 καταδέξασθαι
1180 1017 1251 1059 καὶ
1303 1018 1396 1065 τοὺς
1433 1016 1608 1067 άτίμους

196 1092 408 1145 ἐπιτίμους
450 1098 616 1142 ποιῆσαι
663 1093 731 1153 (cf.
760 1093 892 1152 supr.)
936 1093 1005 1136 καὶ
1047 1093 1176 1143 κοινήν
1216 1093 1290 1142 τήν
1332 1107 1380 1135 τε
1411 1090 1611 1144 σωτηρίαν

196 1165 265 1207 καὶ
296 1166 389 1212 τοὺς
413 1165 613 1213 κινδύνους
634 1167 895 1216 ποιήσασθαι.
918 1165 1153 1219 πράξαντες
1175 1166 1216 1208 δὲ
1235 1169 1397 1213 ταῦτα,
1432 1164 1501 1206 καὶ
1524 1164 1609 1206 δόν-

194 1256 263 1288 τες
290 1240 490 1290 άλλήλοις
520 1240 653 1289 πίςεις
680 1241 749 1284 καὶ
782 1240 917 1294 ὅρκους
948 1239 1189 1293 μεγάλους,
1223 1239 1355 1291 ἠξίουν
1387 1240 1504 1293 σφοῖς
1537 1241 1612 1282 αὖ·

195 1315 287 1362 τοὺς
330 1313 612 1368 προτάξαντες
659 1316 733 1369 πρὸ
763 1319 842 1358 τῶν
890 1316 1098 1365 Ἑλλήνων
1142 1314 1338 1358 ἁπάντων
1367 1315 1610 1362 άπαντήσαι

195 1394 279 1436 τοῖς
309 1388 537 1442 βαρβάροις
567 1389 868 1443 Μαραθῶνάδε,
902 1389 1144 1441 νομίσαντες
1178 1390 1252 1438 τήν
1289 1388 1497 1442 σφετέραν
1534 1390 1610 1430 αὐ-

194 1466 272 1504 τῶν
300 1463 446 1515 άρετην
479 1463 621 1512 ἱκανήν
648 1461 827 1518 εἶναιτῷ
857 1464 1001 1514 πλήθει
1027 1465 1083 1517 τῷ
1105 1462 1262 1505 ἐκείνων
1285 1461 1606 1513 ἀντιτάξασθαι·

194 1535 492 1591 μαχεσάμενοί
526 1538 564 1579 τ’
596 1537 754 1587 ἐνίκων,
801 1538 870 1581 καὶ
908 1538 982 1588 τήν
1027 1553 1074 1580 τε
1103 1536 1297 1580 Ἑλλάδα
1334 1535 1609 1589 ἠλευθέρωσαν

194 1611 264 1653 καὶ
295 1612 368 1660 την
403 1612 568 1665 πατρίδ’
599 1611 772 1656 ἔσωσαν.
806 1613 921 1667 ἔργον
952 1614 993 1656 δὲ
1020 1616 1196 1656 τοιοῦτον
1230 1611 1508 1666 ἐργασάμενοι
1537 1612 1608 1653 οὐκ

193 1685 369 1737 ἠξίωσάν
401 1703 478 1729 τινι
507 1690 585 1730 τῶν
615 1687 803 1742 πρότερον
821 1687 1055 1740 Δγενομένων
1082 1692 1406 1740 μνησικακῆσαι.
1438 1684 1606 1738 τοιγάρ-

193 1775 254 1802 τοι
297 1751 362 1802 διοὶ
397 1763 537 1802 ταῦτα
570 1761 642 1809 την
676 1760 794 1803 πόλιν
828 1759 1037 1805 άνάςατον
1073 1759 1397 1814 παραλαβόντες
1432 1759 1521 1812 ἱερά
1558 1776 1605 1801 τε

194 1834 547 1886 κατακεκαυμένα
568 1835 691 1888 τείχη
723 1851 770 1877 τε
795 1835 864 1876 καὶ
889 1834 1018 1882 οἰκίας
1042 1833 1444 1881 καταπεπτωκυίας,
1478 1835 1608 1887 ἀφορ-

193 1909 274 1959 μήν
304 1910 343 1949 τ’
372 1908 565 1959 οὐδεμίαν
593 1907 780 1965 ἔχοντες,
816 1908 883 1950 διά
920 1908 966 1949 τὸ
995 1908 1196 1957 άλλήλοις
1223 1907 1401 1958 ὁμονοεῖν
1427 1907 1501 1955 τήν
1534 1908 1607 1959 dp-

193 1982 279 2033 χῆν’
296 1985 373 2023 τῶν
403 1982 606 2031 Ἑλλήνων
638 1980 971 2034 κατειργάσαντο
1002 1981 1071 2024 καὶ
1099 1982 1172 2030 την
1201 1980 1320 2023 πόλιν
1348 1981 1444 2032 ὑμῖν
1468 1982 1608 2024 τοιαύ-

194 2071 267 2105 την
305 2055 374 2097 καὶ
407 2055 612 2105 τοσαύτην
644 2056 890 2110 παρέδοσαν.
1552 2102 1554 2105 ,

253 2128 364 2171 Nihil
393 2144 498 2185 opus
527 2136 589 2172 est
616 2128 769 2172 addere
799 2129 1064 2186 expositioni,
1099 2143 1225 2185 quam
1251 2129 1292 2171 in
1307 2127 1422 2172 -ludo
1448 2128 1606 2172 littera-

194 2204 257 2246 rio
286 2202 427 2246 fecisse
456 2218 548 2259 nos,
561 2202 748 2260 puderet.

254 2276 365 2331 Quid
389 2292 512 2328 vero,
545 2277 578 2319 si
608 2278 627 2331 §
657 2277 740 2320 109
768 2283 810 2319 et
833 2292 980 2320 eorum
1007 2277 1192 2333 ipsorum
1218 2275 1369 2319 oblitus
1393 2283 1472 2328 est,
1501 2292 1608 2334 quae

196 2350 339 2408 paullo
375 2356 470 2392 ante
501 2349 686 2392 tradidit:
730 2350 932 2401 ἠξιώσατε
960 2350 1068 2403 γάρ,
1107 2350 1264 2407 inquit,
1296 2350 1434 2393 eiectis
1463 2357 1607 2408 tyran-

196 2426 282 2476 nis,
329 2425 421 2473 τούς
461 2441 507 2467 τε
549 2424 787 2478 φεύγοντας
832 2425 1142 2476 καταδέξασθαι
1184 2425 1253 2467 καὶ
1296 2425 1389 2472 τοὺς
1432 2425 1607 2476 άτίμους

197 2498 409 2549 ἐπιτίμους
442 2503 629 2548 ποιῆσαι,
662 2497 842 2542 alterum
874 2514 974 2542 vero
1001 2498 1104 2542 dixit
1134 2500 1152 2554 §
1180 2500 1257 2549 80,
1290 2497 1558 2542 Athenienses
1583 2514 1608 2541 a

238 2735 292 2782 142)
319 2738 382 2770 Non
409 2736 578 2782 poenitebit
602 2737 788 2770 consuluisse
816 2737 950 2769 vatorum
968 2746 1019 2780 pg.
1044 2736 1094 2767 12.
