1774 3036
11 2041 55 2092 ¹¹}

848 149 953 216 54'

222 313 545 372 Transgreditur
569 314 652 356 iam
676 312 908 355 Andocides
933 313 987 356 ad
1016 313 1296 357 criminandos
1321 316 1430 372 ipsos
1460 332 1581 362 accu—

162 395 339 431 satores:
383 402 466 444 qua
495 387 546 430 de
576 402 623 430 re
652 387 796 444 paucis
820 386 978 430 absolvi
1008 394 1163 445 potest,
1208 404 1304 433 cum
1335 389 1486 433 harum
1517 408 1583 435 re-

163 477 259 505 rum
292 476 447 519 magna
475 476 574 518 pars
603 462 836 519 ignoretur.

222 536 361 579 Primo
392 535 486 579 loco
510 535 756 578 nominatur
781 535 1009 593 Cephisius,
1041 535 1093 579 de
1115 551 1201 593 quo
1225 538 1245 592 ξ
1270 536 1349 579 92:
1383 538 1583 593 Κηφίσιος

160 611 236 661 μὲν
270 610 402 652 οὑτοσὶ
434 609 655 663 πριάμενος
686 610 783 659 ὧνην
817 612 863 652 ἐκ
893 614 964 652 τοῦ
991 610 1206 662 δημοσίου,
1239 611 1317 658 τας
1349 612 1395 653 ἐκ
1425 612 1583 662 ταύτης

160 684 412 736 ἐπικαρπίας
456 689 534 726 τῶν
576 687 622 726 ἐκ
668 691 720 738 τῇ
766 692 823 738 γῇ
863 685 1151 737 γεωργούντων
1194 686 1433 734 ἐνενήκοντα
1473 689 1583 737 μνοῖς

161 757 362 815 ἐκλέξας,
392 760 434 802 οὐ
466 758 686 810 κατέβαλε
717 765 768 813 τῇ
801 757 918 801 πόλει
951 759 1021 802 καὶ
1055 758 1228 814 ἔφυγεν.
1293 760 1476 823 Sluitero
1500 761 1581 820 ¹³¹)

161 834 332 876 concedi
371 841 506 890 potest
545 834 685 876 locum
718 840 967 890 corruptum
997 850 1105 886 esse,
1154 834 1225 877 sed
1255 837 1426 893 gravius
1461 837 1504 879 in
1536 852 1586 878 eo

160 915 379 963 peceatum
411 914 493 959 est,
527 922 655 965 quam
686 907 748 951 illi
777 907 1009 952 videbatur.

218 982 377 1038 Nempe
417 981 469 1024 de
508 982 620 1039 agris
660 996 825 1038 semper
861 981 1014 1024 dicitur
1043 984 1211 1033 μισθοῦν
1243 989 1285 1025 et
1313 984 1581 1035 μισθοῦσθαι,

158 1056 209 1098 de
225 1057 373 1099 ceteris
392 1056 655 1100 solummodo
674 1055 874 1099 reditibus
894 1057 1077 1100 ὠνεῖσθαι
1097 1063 1139 1099 et
1160 1057 1256 1106 ὧνην
1276 1058 1471 1111 πρίασθαι
1488 1059 1583 1116 132).

158 1131 308 1174 Fateor
330 1137 471 1174 tamen
492 1130 722 1177 Bockhium
739 1129 820 1189 ¹³³)
846 1129 1133 1174 difficultatem
1157 1131 1370 1191 ingeniose
1394 1133 1584 1185 solvisse,

157 1204 228 1247 sed
259 1204 360 1247 mihi
389 1220 475 1248 non
507 1204 632 1262 plane
662 1204 870 1249 satisfacit.

219 1280 353 1323 Porro
382 1280 656 1323 memorabile
687 1287 748 1323 est
772 1281 960 1337 sequenti
990 1282 1010 1336 ᾗ
1036 1280 1091 1331 93
1116 1288 1360 1337 utrumque
1376 1280 1478 1339 legi,
1502 1283 1583 1325 δεῖν

157 1354 214 1401 εἷς
248 1353 295 1395 τὸ
336 1353 459 1403 ξύλον
493 1360 534 1396 et
565 1356 605 1396 ἐν
642 1354 698 1406 τῷ
738 1353 863 1407 ξύλῳ.
929 1354 1068 1398 Verba
1097 1361 1261 1406 autem,
1291 1355 1309 1396 ὁ
1342 1355 1424 1408 γαρ
1465 1355 1583 1407 νόμος

157 1426 281 1474 οὕτως
314 1425 407 1479 εἶχε
439 1427 580 1481 κυρίαν
613 1425 716 1469 εἶναι
747 1428 820 1476 την
847 1427 1025 1478 βουλὴν,
1059 1426 1100 1475 ’ὂς
1132 1428 1182 1471 ἂν
1214 1428 1436 1481 πριάμενος
1463 1429 1582 1476 τέλος

152 1502 210 1552 μη
244 1500 506 1556 καταβάλη,
541 1501 622 1544 δεῖν
656 1502 712 1549 εἰς
745 1502 790 1544 τὸ
823 1501 971 1552 ξύλον,
1019 1501 1281 1545 confirmabit
1321 1503 1437 1545 Dem.
1470 1503 1576 1546 Tim.

155 1577 174 1628 ξ
204 1576 304 1619 144.
362 1575 587 1631 Sequentia
628 1576 796 1617 turbata
831 1583 939 1618 sunt·
968 1583 1009 1619 et
1038 1578 1096 1619 sic
1127 1577 1212 1634 legi
1243 1577 1416 1627 debent:
1465 1574 1578 1624 οὗτος

151 1647 284 1690 τοίνυν
326 1647 387 1690 ὅτι
427 1648 694 1703 ἐψηφίσασθε
737 1654 822 1697 τοῖς
861 1648 995 1701 νόμοις
1026 1651 1204 1703 χρῆσθαι
1237 1650 1317 1693 ἀπ’
1353 1650 1579 1694 Εὐκλείδου

155 1721 355 1775 ἄρχοντος
398 1722 516 1770 κτὲ.;
560 1735 689 1778 porro
729 1722 949 1765 eiiciantur
989 1720 1049 1765 ὅτι
1087 1729 1173 1771 τοῖς
1211 1724 1345 1775 νόμοις
1384 1730 1472 1771 τοῖς
1510 1727 1578 1766 νῦν

153 1796 351 1849 κειμένοις
383 1796 555 1850 χρῆσθε.

212 1871 274 1912 De
302 1869 452 1912 Meleto
477 1876 519 1911 et
538 1870 694 1912 Leonte
719 1869 833 1925 quod
858 1870 1083 1913 dicendum
1108 1871 1326 1925 haberem,
1347 1873 1431 1927 iam
1458 1887 1578 1929 prae-

152 1944 377 2000 ripuerunt
408 1942 479 1986 alii
509 1942 591 2000 ¹³⁴)
608 1975 619 1994 ,
654 1942 774 1985 sicuti
805 1948 847 1984 et
876 1942 927 1985 de
957 1942 1264 1986 insidiatoribus
1298 1943 1397 2002 ¹³⁵).

212 2017 446 2082 EEicharen
472 2032 558 2078 non
589 2017 704 2060 novi:
738 2015 810 2060 sed
839 2016 954 2061 aliud
984 2017 1085 2075 quid
1115 2025 1194 2071 est,
1228 2017 1362 2076 quod,
1394 2020 1470 2063 etsi
1501 2018 1577 2063 fal-

155 2107 249 2134 sum
281 2107 366 2134 esse
396 2074 698 2149 probare-‘ison’
709 2105 895 2148 possum,
930 2092 1030 2135 mihi
1055 2108 1141 2135 non
1167 2092 1333 2135 videtur
1357 2108 1443 2136 esse
1468 2095 1578 2137 veri-

153 2167 308 2211 simile:
352 2166 421 2210 lex
461 2167 572 2210 enim
605 2165 805 2209 laudatur
839 2167 963 2210 haec:
1007 2166 1048 2216 ὃς
1091 2167 1142 2210 ἂν
1174 2166 1275 2222 ἄρξη
1306 2169 1346 2210 ἐν
1376 2175 1428 2223 τῇ
1459 2169 1577 2212 πόλει

153 2247 228 2290 τῆς
263 2241 542 2294 δημοκρατίας
574 2240 907 2291 καταλυθείσης,
952 2242 1103 2291 νηποινὶ
1140 2241 1359 2291 τεθνάναι,
1404 2243 1473 2286 καὶ
1510 2244 1578 2286 τὸν

155 2316 465 2360 ἀποκτείναντα
498 2313 600 2359 ὅσιον
634 2313 736 2359 εἶναι
770 2317 839 2359 καὶ
872 2316 930 2359 τα
953 2317 1147 2369 χρήματ’
1174 2315 1287 2370 ἔχειν
1317 2321 1388 2361 τοῦ
1419 2318 1577 2360 αποθα-

195 2493 251 2539 151)
277 2496 374 2528 Lectt.
399 2495 571 2529 Andocidd.
594 2507 625 2538 p.
654 2498 730 2528 138.

194 2549 251 2593 152)
276 2552 390 2584 B'o'ckh.
414 2552 482 2584 Oec.
505 2552 568 2584 Civ.
592 2553 617 2584 l.
644 2564 676 2595 p.
705 2554 769 2583 122
794 2558 824 2583 et
848 2553 927 2584 359.

195 2606 250 2648 1³³)
276 2607 356 2640 ibid.
381 2621 412 2651 p.
437 2609 516 2640 326.

195 2662 252 2707 15¹.)
277 2665 349 2695 Luz.
370 2663 407 2695 de
430 2663 512 2696 Socr.
538 2664 601 2697 Civ.
625 2676 657 2707 p.
686 2665 749 2696 130
770 2675 812 2707 sq.
852 2665 884 2695 A.
906 2665 941 2695 G.
966 2664 1101 2704 Becker,
1122 2662 1268 2695 Andocid.
1293 2675 1345 2707 pg.
1364 2665 1418 2696 30.
1445 2677 1475 2696 n.
1508 2668 1583 2697 102.

149 2723 241 2754 clim.
265 2720 296 2750 F.
320 2722 356 2751 A.
381 2719 506 2751 XXXV.
530 2719 634 2763 ibique
658 2721 754 2765 Kriig.

197 2775 252 2820 1⁵5)
280 2776 367 2806 Petit.
387 2777 479 2820 Legg.
500 2778 563 2808 Au.
585 2788 615 2819 p.
640 2778 717 2811 462.
750 2778 816 2809 Mei.
838 2781 899 2812 Ast.
924 2779 1006 2811 Proc.
1026 2789 1056 2821 p.
1080 2779 1157 2811 312.
1185 2778 1303 2811 Schom.
1317 2781 1436 2824 Amiqq.
1457 2791 1486 2823 p.
1503 2783 1581 2813 290.
