1774 3036
821 90 882 134 *63

146 248 260 286 care,
282 232 463 278 iudicent
487 233 714 291 peritiores.
747 232 894 275 Totam
920 232 1282 276 narratiunculam
1305 248 1357 274 ex
1382 232 1558 276 obscura

145 309 208 351 rei
236 306 347 351 fama
378 323 457 367 pro
482 296 655 350 modulo
682 306 839 364 ingenii
869 307 1033 349 ornavit
1060 306 1220 351 Rhetor
1245 306 1433 366 quidam:
1461 306 1559 351 fon·-

145 389 207 426 tes
249 390 390 427 autem
430 381 542 426 unde
579 380 719 425 hausit
757 387 855 424 sunt
890 380 956 424 hi:
1003 382 1242 426 Heraclides
1280 382 1478 435 Ponticus
1521 388 1564 425 et

146 464 315 510 auctor,
348 472 474 516 quem
505 456 719 513 exscripsit
747 456 885 512 Nepos
908 450 952 500 in
977 456 1063 502 Vit.
1089 457 1194 500 cim.
1207 489 1219 509 ,
1250 458 1335 501 sive
1364 458 1441 501 iste
1465 455 1563 499 fue-

145 532 201 575 rit
228 532 338 577 Plut.
371 533 415 576 in
446 532 529 578 Vit.
556 531 659 575 Cim.
688 531 739 583 4,
772 530 857 573 sive
887 530 995 573 alius
1025 530 1208 588 quidam.
1279 532 1411 575 Nemo
1440 532 1563 590 igno-

144 613 232 659 rat,
264 607 322 650 ibi
343 606 474 658 tradi,
500 605 674 649 Calliam
700 601 925 663 quemdam
955 604 1203 662 perdivitem
1231 605 1400 649 solvisse
1420 605 1562 649 mulc-

143 688 249 732 tam,
282 695 391 737 quae
420 680 610 737 imposita
635 685 727 722 erat
750 678 923 723 Miltiadi
952 679 1006 722 ob
1031 680 1191 723 crimen
1217 680 1407 732 Parium,
1435 693 1562 736 quae-

144 769 227 811 que
247 753 300 797 ad
315 754 529 798 Cimonem
549 752 684 796 filium
705 753 943 806 transierat,
966 768 1016 797 ea
1036 754 1270 798 conditione
1286 761 1334 797 ut
1348 753 1564 811 Elpinicen

142 829 187 871 in
216 827 483 871 matrimonio
506 826 691 869 haberet.
754 826 879 880 Quod
908 832 1049 871 tamen
1078 843 1165 871 non
1196 828 1375 885 pertinet
1404 827 1458 871 ad
1487 842 1564 870 no-

143 907 278 945 strum
298 900 490 953 Calliam,
518 899 589 943 sed
613 899 666 943 ad
689 900 778 943 eius
803 915 943 944 avum.
982 903 1096 944 Haec
1120 901 1217 953 fuit,
1245 902 1416 960 opinor,
1444 901 1565 959 origo

69 1029 71 1031 ,
144 977 268 1020 unius
284 976 412 1033 partis
431 974 773 1018 narratiunculae
798 974 911 1032 apud
934 974 1192 1019 Andocidem
1199 991 1211 1029 ;
1240 975 1412 1019 alterius
1436 974 1567 1032 partis

142 1051 235 1094 fons
260 1049 527 1108 cognoscitur
555 1064 609 1092 ex
637 1048 857 1092 Heraclide
882 1049 1055 1092 Pontico
1083 1049 1193 1108 ¹⁵²):
1230 1049 1334 1095 ἀλλ’
1366 1048 1474 1101 ὅμως
1506 1051 1563 1098 εἷς

142 1128 333 1167 τοσοῦτον
371 1123 495 1166 αὐτὸν
529 1123 766 1175 περιέςησεν
803 1123 822 1164 ὃ
854 1123 944 1176 περὶ
989 1124 1127 1173 ἡδονὴν
1166 1122 1284 1179 βίος,
1332 1122 1410 1168 ὦςε
1448 1124 1564 1176 μετὰ

141 1195 634 1252 γροιῖδίουβοιρβοὶρου
668 1196 874 1240 διατελεῖν
914 1196 1182 1249 ἠναγκάσθη,
1215 1197 1285 1239 καὶ
1317 1200 1397 1240 τῶν
1426 1198 1564 1250 ἀνοιγ-

140 1272 264 1316 κοιίων
284 1276 362 1315 τῶν
382 1273 474 1315 καθ’
490 1272 647 1326 ἡμέραν
667 1271 801 1321 ἐνδεὴς
822 1270 1039 1323 γενόμενος
1051 1304 1063 1321 ,
1080 1272 1148 1315 τὸν
1164 1271 1256 1323 βίον
1275 1272 1561 1322 ἐτελεύτησεν.

140 1347 236 1402 Quo
265 1346 358 1391 loco
393 1353 435 1391 et
464 1346 546 1390 alia
576 1345 711 1390 multa
746 1344 798 1389 de
827 1345 1055 1390 Galliarum
1085 1360 1241 1405 genere
1276 1353 1562 1404 exponuntur.

201 1423 400 1478 Sequitur
439 1423 459 1476 ᾗ
493 1421 600 1473 130,
643 1421 716 1464 ubi
745 1420 923 1478 legitur:
966 1422 1000 1464 εἰ
1041 1421 1126 1474 γὰρ
1170 1421 1404 1473 μέμνησθε,
1446 1419 1502 1465 ὅθ’
1537 1425 1561 1473 ἦ

143 1494 265 1544 πόλις
290 1491 395 1549 ἦρχε
415 1495 494 1538 τῶν
517 1494 726 1544 Ἑλλήνων
757 1494 827 1538 xx>
850 1494 1081 1547 εὐδαιμόνει
1108 1493 1302 1547 pedalem,
1334 1495 1563 1545 Ἱππόνικος

142 1570 177 1612 δ’
200 1566 247 1618 ἦν
266 1572 575 1616 πλουσιώτατος
595 1573 674 1611 τῶν
694 1569 915 1618 Ἑλλήνων,
937 1568 1033 1611 τότε
1054 1569 1194 1621 μέντοι
1215 1569 1371 1617 πάντες
1392 1570 1457 1615 ἵςε
1475 1572 1564 1613 mk.

201 1643 320 1698 Quae
357 1642 425 1686 hic
462 1641 514 1685 de
547 1641 679 1686 Callia
707 1642 956 1695 traduntur,
998 1642 1052 1686 ad
1082 1658 1179 1687 eum
1209 1659 1296 1687 non
1326 1633 1561 1702 pertinent,

141 1717 215 1761 sed
242 1717 296 1760 ad
325 1731 452 1759 avum
483 1716 800 1775 cognominem,
842 1723 890 1759 ut
924 1717 1009 1760 iam
1043 1716 1116 1759 alii
1146 1717 1425 1761 observarunt
1458 1718 1560 1776 ¹⁵³).

142 1793 261 1835 Patet
290 1791 358 1835 vel
387 1807 440 1834 ex
468 1790 702 1843 vocabulis,
741 1788 799 1834 ὅθ’
832 1792 856 1841 ἡ
887 1790 1006 1838 πόλις
1042 1787 1145 1844 ἦρχε
1174 1794 1253 1835 τῶν
1287 1793 1410 1836 Ἑλλ.
1474 1794 1564 1837 Hoc

141 1868 255 1910 enim
284 1872 449 1922 tempus
477 1864 634 1908 iudices
663 1864 731 1908 01.
763 1865 887 1909 XCV.
923 1866 962 1907 1.
994 1864 1206 1907 recordari
1235 1880 1321 1908 non
1350 1872 1560 1922 poterant.

201 1940 345 1995 5131.
377 1940 463 1986 πῶς
497 1936 562 1981 οὖν
597 1941 619 1989 ἦ
655 1938 779 1993 Φήμη
812 1939 834 1988 ἦ
863 1936 959 1981 τότε
987 1934 1091 1981 οὖα-οι
1123 1939 1235 1982 δοκεῖ
1264 1939 1361 1992 ὑμῖν
1394 1941 1561 1993 ἀποβῆ-

142 2030 230 2063 vau
262 2013 308 2056 ni
337 2011 462 2056 fallor
492 2018 565 2056 ποῖ
592 2009 657 2056 οὖν
688 2013 777 2056 κτέ.
804 2011 1032 2071 legendum
1064 2018 1138 2057 est.

200 2089 361 2134 Verum
393 2102 543 2144 operae
573 2087 755 2145 pretium
787 2086 924 2131 facere
950 2088 1161 2140 existimo,
1201 2088 1238 2131 si
1266 2095 1510 2146 sequentem
1539 2091 1561 2145 §

143 2164 353 2220 integram
382 2162 659 2219 exscripsero:
692 2163 833 2206 Ἀλλὰ
858 2162 967 2216 γὰρ,
995 2159 1158 2215 ὦνδρες,
1191 2162 1260 2206 διὰ
1282 2163 1326 2207 τί
1348 2180 1450 2208 ποτε
1475 2170 1561 2213 τοῖς

143 2236 231 2290 ἐμοὶ
280 2236 360 2279 νυνὶ
396 2236 687 2288 ἐπιτιθεμένοις
727 2236 842 2289 μετὰ
872 2236 1057 2279 Καλλίου
1095 2236 1164 2280 καὶ
1205 2238 1562 2292 συμπαρασκευά-

143 2328 242 2355 σοισι
269 2312 336 2354 τὸν
368 2311 516 2363 ἀγῶνα
549 2311 619 2354 καὶ
651 2312 862 2365 χρήματα
890 2312 1189 2364 εἰσενεγκοῦσιν
1216 2313 1282 2356 ἐπ’
1311 2313 1428 2365 ἐμοὶ,
1467 2312 1562 2367 τρίοο

142 2385 219 2437 μὲν
250 2384 320 2435 ἔτη
351 2385 557 2437 ἐπιδημῶν
592 2385 661 2427 καὶ
687 2385 791 2436 ἥκων
816 2387 863 2429 ἐκ
888 2386 1076 2440 Κύπρου,
1108 2388 1181 2431 οὐκ
1202 2387 1375 2438 ἀσεβεῖν
1403 2387 1562 2431 ἐδόκουν

144 2460 299 2505 αὐτοῖς.
365 2457 476 2511 Quid
503 2457 588 2500 huc
618 2457 738 2501 facit:
783 2458 853 2501 καὶ
889 2458 993 2508 ἥκων
1023 2461 1070 2502 ἐκ
1105 2460 1293 2513 ΚύπρουΡ
1355 2462 1463 2505 Tum
1493 2461 1559 2504 ul-

181 2636 238 2683 152)
262 2640 321 2683 Ap.
340 2639 450 2671 Athen.
475 2639 546 2671 ΧΠ.
570 2651 601 2683 p.
626 2640 706 2672 53¹7.

184 2694 240 2740 153)
263 2696 309 2729 cf.
333 2696 367 2728 A.
390 2696 426 2728 G.
451 2694 585 2735 Becker,
610 2707 641 2739 p.
669 2696 746 2729 196.
769 2702 799 2727 et
821 2706 897 2739 quos
917 2696 968 2728 hic
990 2695 1107 2730 laudat,
