1774 3036
845 100 898 142 41

167 237 317 281 omissa
353 254 439 283 esse
477 252 563 284 non
591 243 782 295 possunt,
820 251 918 280 cum
948 238 1037 294 ipsa
1064 250 1201 294 poena
1228 234 1378 279 ultimo
1407 236 1503 280 loco
1535 238 1577 279 in

165 309 328 370 legibus
355 313 535 373 legatur.
597 309 679 355 Sed
700 310 769 354 vel
799 309 887 364 fac,
919 325 1019 356 cum
1038 317 1218 370 utraque
1243 310 1312 355 lex
1336 325 1423 354 non
1452 311 1579 368 possit

164 387 348 443 genuina
375 401 482 440 esse,
513 386 652 446 legem
679 386 725 428 in
745 383 863 428 Orati
889 399 926 429 c.
952 384 1093 443 steph.
1120 384 1269 429 falsam
1292 400 1403 438 esse,
1435 392 1577 427 tamen

163 474 289 504 causa
317 459 488 506 alterius
516 461 620 520 legis
648 452 782 504 nihilo
811 459 891 503 erit
919 458 1086 512 melior,
1118 474 1217 504 cum
1236 458 1434 503 Dinarchi
1459 458 1579 503 locus

163 535 279 577 omni
312 536 546 593 suspicione
583 534 717 578 maior
746 533 818 576 sit:
860 547 987 591 quem
1017 533 1107 576 aliis
1139 535 1264 576 etiam
1294 534 1397 576 locis
1426 533 1578 577 confir-

161 623 278 652 mare
305 625 491 666 possem,
532 609 567 652 si
595 624 701 666 opus
728 623 817 652 esse
850 613 1058 666 putarem.
1121 606 1235 662 Quid
1263 622 1386 659 vero,
1425 608 1461 652 si
1488 608 1576 651 An-

159 679 324 724 docides
349 687 392 724 et
415 680 485 724 lex
506 681 549 724 in
577 679 756 724 Midiana
785 679 860 724 sibi
888 681 1160 740 repugnant?
1209 678 1443 724 Andocides
1465 681 1577 723 enim

158 755 307 801 diserte
344 754 442 800 dicit
478 756 522 800 in
560 755 715 800 talibus
743 755 987 800 criminibus
1016 755 1224 801 bonorum
1249 754 1576 814 publicationem

158 829 299 875 locum
338 847 418 876 non
451 830 660 884 habuisse,
702 845 799 876 cum
829 831 918 891 ipsa
947 830 1016 876 lex
1045 831 1209 876 nullam
1239 830 1365 875 aliam
1395 842 1575 889 poenam

157 913 368 966 agnoscat.
444 905 603 961 Quodsi
646 907 837 951 tandem·
866 906 1036 964 probari
1079 907 1206 965 possit
1249 906 1451 950 sententia
1494 906 1575 949 viri

155 980 266 1024 hisce
285 982 329 1024 in
354 981 479 1025 rebus
500 982 743 1034 acutissimi,
774 980 1078 1040 Meiemm102)
1113 981 1224 1035 dice,
1256 995 1434 1040 poenam
1454 995 1574 1024 nem-

155 1069 208 1113 pe
227 1056 352 1099 statui
376 1071 401 1099 a
430 1055 633 1100 iudicibus
661 1057 705 1101 in
736 1071 992 1115 unaquaque
1017 1071 1160 1110 causa,
1186 1056 1421 1101 necessario
1441 1055 1575 1099 omnis

154 1136 319 1174 nostrae
349 1131 454 1190 legis
482 1132 705 1175 auctoritas
734 1133 954 1176 evanescit.

212 1204 328 1248 Solet
360 1211 575 1263 praeterea
604 1204 755 1250 adduci
783 1206 907 1250 Dem.
940 1205 1136 1251 Arietoor.
1170 1208 1191 1262 §
1226 1206 1295 1250 62.
1338 1206 1571 1249 Ἠκούσατε

150 1278 228 1330 μὲν
268 1281 341 1322 τοῦ
383 1277 504 1330 νόμον
542 1278 737 1330 λέγοντος
775 1277 986 1333 ἄντικρυς,
1020 1276 1161 1335 ὦνδρες
1191 1280 1417 1335 Ἀθηναῖοι,
1446 1278 1489 1327 ὃς
1519 1278 1574 1322 ἂν.

150 1351 290 1406 ἄρχων
325 1352 347 1402 ἢ
379 1353 538 1403 ἰδιώτης
571 1352 701 1401 αἴτιος
734 1351 759 1408 ᾖ
793 1353 863 1396 τὸν
893 1354 1042 1406 θεσμὸν
1073 1354 1334 1407 συγχυθῆναι
1364 1352 1502 1402 τόνδε,
1546 1352 1570 1402 ἢ

152 1427 414 1482 μεταποιήσῃ
442 1427 591 1476 αὑτὸν,
622 1425 772 1479 ἄτιμος
798 1426 902 1470 ἔστω
934 1426 1004 1470 καὶ
1037 1428 1070 1470 οἱ
1102 1428 1251 1475 παῖδες
1282 1427 1353 1470 καὶ
1385 1426 1443 1469 τὰ
1465 1426 1570 1469 ἐκεί-

151 1517 231 1544 νου.
292 1500 537 1544 Laudantur
568 1500 675 1545 haec
703 1500 832 1544 verba
859 1516 913 1544 ex
927 1501 1116 1558 ,antiqua
1146 1501 1366 1545 Dracontis
1395 1499 1490 1559 lege
1519 1500 1571 1544 de

151 1574 294 1627 caede,
326 1590 405 1618 nec
433 1575 599 1634 negabo
627 1576 671 1619 in
701 1575 750 1619 iis
774 1575 858 1620 tale
888 1575 989 1633 quid
1013 1575 1137 1620 fuisse
1162 1576 1446 1619 constitutum.
1467 1609 1471 1613 .
1489 1574 1570 1619 Sed

148 1649 323 1693 fidenter
361 1649 525 1692 affirmo
559 1649 641 1693 hoc
668 1649 841 1693 Athenis
871 1649 1104 1693 obsoletum
1134 1649 1279 1702 fuisse,
1316 1664 1415 1693 cum
1444 1663 1566 1706 prae-

149 1730 264 1767 terea
301 1722 453 1766 nullibi
490 1722 574 1766 tale
603 1722 704 1781 quid
734 1729 1016 1775 memoretur,
1062 1722 1195 1781 quod,
1232 1723 1267 1766 si
1297 1722 1399 1780 quid
1427 1722 1565 1775 aliud,

148 1804 294 1855 aptum
329 1804 420 1842 erat
454 1797 508 1842 ad
536 1797 722 1843 iudicum
752 1798 916 1842 animos
945 1797 1185 1843 movendos.
1255 1797 1427 1842 Accedit
1454 1797 1567 1855 quod

148 1872 216 1916 vel
237 1872 325 1930 ipsa
354 1872 538 1916 formula
566 1871 717 1925 ἄτιμος
743 1871 819 1918 ἔςω
839 1872 910 1915 καὶ
931 1872 988 1915 τοὶ
1007 1872 1158 1915 ἐκείνου
1183 1886 1282 1916 mox
1296 1872 1397 1915 abiit
1420 1872 1463 1914 in
1493 1871 1565 1916 de-

147 1946 421 1991 suetudinem.
483 1946 626 2005 Vulgo
654 1945 870 1993 dicebatur
899 1946 921 1995 ἦ
956 1945 1075 1989 οὐσία
1106 1945 1285 1999 δημοσία
1314 1945 1392 1992 ἔςω
1417 1945 1517 2005 ¹⁰³).

205 2018 328 2061 Solus
365 2014 514 2076 igitur,
556 2024 763 2075 quantum
802 2019 909 2071 scio,
951 2026 1080 2063 restat
1107 2019 1363 2072 Andocides,
1404 2020 1479 2076 qui
1507 2020 1564 2064 li·-

146 2093 344 2138 berorum
375 2091 573 2145 ἀτιμίαν.
598 2092 643 2136 in
673 2092 797 2137 certis
834 2093 968 2137 causis
998 2100 1215 2139 memorat.
1276 2093 1353 2139 Cui
1387 2095 1560 2152 quomi-

144 2154 407 2176 “menn—uu*
419 2155 602 2170 &mussan—»cuzu-
775 2153 1187 2178 m*-·*-⁴-³'²>—⁸·a=-·W·*‘’⁰·⁶3-'um
1230 2168 1240 2178 ·

145 2183 227 2212 nus
254 2172 496 2219 assentiam,
538 2160 774 2211 miil'ff'ffig
800 2167 1041 2225 prohibent;
1073 2183 1263 2226 inprimis
1292 2183 1417 2222 vero,
1448 2169 1562 2226 quod

147 2258 231 2295 res.
264 2241 399 2300 qualis
427 2240 532 2285 haec
560 2248 639 2295 est,
671 2241 942 2287 vixAthenis
971 2258 1052 2287 usu
1079 2242 1216 2300 potuit
1241 2258 1327 2287 esse
1355 2243 1558 2297 stabilita;
1615 2290 1618 2293 ,

145 2316 337 2367 Athenis,
378 2314 492 2366 dico,
524 2314 766 2359 incredibile
795 2322 865 2359 est·
884 2317 972 2373 leqe
995 2316 1100 2360 adeo
1127 2317 1331 2361 saevitum
1361 2317 1486 2362 fuisse
1515 2320 1558 2362 in

144 2389 439 2435 damnatorum
468 2388 631 2433 liberos.

201 2463 676 2530 MUIt05„„{3Q-,.fif{9re⁵
714 2464 757 2525 in
781 2464 1220 2527 Andocideyjidimus
1253 2473 1296 2510 et
1322 2466 1556 2535 videbimus

599 2517 740 2528 mene-*uum
1110 2518 1157 2526 a„—
1164 2516 1470 2532 ι-οιαιειψιμωωντνι-πμή

179 2637 234 2683 1⁰²)
259 2639 300 2670 De
322 2639 394 2672 Bon.
416 2641 522 2673 Damn.
541 2653 573 2685 p.
599 2644 673 2676 122.

181 2694 237 2740 ¹⁰⁵)
259 2697 304 2729 Cf.
327 2707 396 2730 v.c.
420 2698 504 2730 Dem.
529 2700 616 2743 Lepi.
639 2702 656 2742 ᾗ
680 2702 753 2733 156.

1665 2490 1703 2507 ὦ
