1774 3036
913 144 969 186 40

231 285 449 343 hucusque
478 283 764 336 adduxerunt3
807 282 947 326 minus
974 287 1089 327 reete
1117 288 1281 335 tamen,
1323 289 1372 326 ut
1400 282 1502 327 mihi
1539 283 1649 328 vide-

230 367 325 413 tur,
372 360 580 444 primum?
626 357 726 415 quia
769 355 915 416 legum
954 356 1212 401 orationibus
1254 357 1529 410 insertarum,
1573 359 1651 404 nisi

230 432 573 478 confirmentur'
560 432 659 491 lpsis
687 430 877 475 Oratoris
904 431 1063 502 verbis,
1082 444 1339 499 perparva
1330 432 1556 476 auotontas
1584 449 1653 500 so-

231 495 303 507 ps.-
311 497 403 505 ,Μ’-
423 497 457 503 ›m-
459 499 577 507 ...κη-,γῆ
599 499 647 506 .,,,,,,
1032 492 1075 499 ..a
1091 491 1192 497 Μ’...»
1189 491 1234 498 ..t-

229 509 288 553 let
315 524 421 561 esse,
452 514 546 552 tum
576 507 676 565 quia
671 497 824 552 {ano
828 498 978 567 legem
1006 506 1211 565 imprimis
1235 506 1377 567 gravis
1398 490 1575 566 §remit
1580 523 1649 552 su-

228 583 369 641 spicio.
416 582 608 625 Nescitur
636 581 769 634 enim,
802 595 911 640 quae
939 581 1067 625 fuerit
1093 594 1228 640 poena
1250 581 1295 625 in
1320 580 1473 625 talibus
1496 583 1648 634 causis,

228 673 327 701 cum
352 657 510 716 singuli
538 663 731 700 auctores
754 656 917 700 diversa
943 654 1124 699 tradant.¹
1165 654 1249 698 Sed
1277 655 1424 700 saltem
1453 655 1533 700 hoc
1557 671 1649 700 oer-

227 738 321 776 tum
361 739 440 785 est,
478 731 660 789 potuisse
688 744 787 774 eum
817 729 890 787 qui
925 728 1045 775 donis
1073 727 1143 773 vel
1172 730 1409 788 corruperit
1447 729 1515 774 vel
1550 742 1648 774 cor—-

229 813 380 864 ruptus
423 807 475 850 sit
490 839 501 858 ‚
553 811 689 850 morte
732 804 861 863 plecti
904 810 979 849 aut
1021 803 1201 863 decuplo
1243 805 1403 863 aceepti
1448 811 1523 849 aut
1565 804 1651 849 dati

227 881 339 926 doni.
409 881 460 924 In
499 881 619 925 cuius
653 879 716 926 rei
758 878 884 924 fidem
929 893 1139 939 apponam
1178 879 1293 924 hunc
1330 879 1471 926 locum
1511 895 1535 924 Θ
1566 880 1648 924 Di-

223 956 368 1000 narchi
406 955 524 1000 Orat.
567 971 604 1000 c.
636 956 755 999 Dem.
797 956 818 1012 §
850 955 928 999 60:
970 956 1073 998 ἀλλ’
1110 955 1144 998 οἱ
1184 954 1295 1008 νόμοι
1326 955 1418 1010 περὶ
1457 956 1534 1008 μὲν
1570 958 1648 999 τῶν

221 1030 363 1074 ἄλλων
403 1030 674 1084 ἀδικημάτων
718 1033 797 1073 τῶν
834 1030 891 1078 εἷς
935 1028 1129 1084 ἀργυρίου
1170 1028 1295 1081 λόγον
1326 1029 1555 1079 ἀνηκόντων
1588 1030 1645 1073 δι-

222 1109 335 1154 πλήν
369 1106 443 1155 τὴν
480 1103 656 1158 βλάβην
688 1103 872 1159 ὀφείλειν
913 1102 1148 1153 κελεύουσι,
1181 1103 1272 1157 περὶ
1304 1104 1346 1147 δὲ
1384 1108 1463 1147 τῶν
1490 1103 1648 1159 δωροδο-

219 1179 393 1222 κούντων
424 1179 491 1223 δύο
525 1178 644 1232 μόνον
680 1179 911 1231 τιμήματα
944 1179 1246 1229 πεποιήκασιν,
1287 1179 1310 1229 ἢ
1347 1177 1541 1227 θάνατον,
1580 1177 1648 1222 ἵνα

217 1253 376 1303 ταύτης
421 1253 562 1307 τυχὼν
602 1257 678 1302 τῆς
725 1252 879 1308 ζημίας
912 1252 931 1295 ὅ
973 1252 1119 1304 λαβὼν
1158 1251 1434 1306 παράδειγμα
1478 1252 1644 1306 γίνηται

217 1332 305 1375 τοῖς
329 1326 503 1374 ἄλλοις,
537 1326 560 1375 ἢ
591 1326 826 1369 δεκαπλοῦν
856 1328 928 1369 τοῦ
961 1325 1008 1377 ἐξ
1038 1326 1174 1388 ἀρχῆς
1199 1326 1426 1379 λήμματος
1449 1327 1496 1369 τὸ
1521 1325 1644 1379 τίμη-

219 1418 285 1453 μα
324 1404 404 1444 τῶν
444 1400 597 1454 δώρων,
639 1399 707 1443 ἵνα
754 1401 814 1450 μὴ
856 1399 1074 1447 λυσιτελὲς
1113 1397 1137 1454 ᾖ
1175 1404 1261 1448 τοῖς
1302 1403 1422 1444 τοῦτο
1460 1403 1643 1453 τολμῶσι

219 1481 364 1520 ποιεῖν.
426 1476 574 1532 Itaque
598 1473 701 1518 haec
726 1487 862 1532 poena
882 1474 1006 1518 etiam
1030 1473 1256 1517 memorari
1280 1473 1455 1519 debebat
1480 1475 1524 1517 in
1549 1474 1644 1532 lege

222 1550 336 1607 apud
380 1550 720 1602 Demosthenem3
771 1563 879 1606 quae
919 1564 1017 1592 cum
1057 1546 1337 1601 desideretur,
1384 1548 1437 1592 de
1473 1548 1645 1592 infamia

217 1625 424 1676 maxima,
456 1623 685 1680 loquamur
712 1623 824 1666 enim
847 1637 946 1667 cum
970 1622 1141 1674 Meiere,
1174 1622 1355 1667 dubitari
1375 1629 1521 1680 potest.
1561 1622 1643 1666 Sed

216 1699 299 1742 alia
328 1697 546 1741 accedunt.
609 1698 768 1754 Nempe
798 1697 922 1741 Dem.
956 1712 991 1741 ο.
1018 1696 1164 1754 Steph.
1201 1697 1256 1741 ΙΙ.
1289 1698 1310 1753 ᾗ
1336 1697 1406 1741 26.
1442 1697 1552 1741 hane
1581 1696 1641 1740 le-

216 1788 315 1831 gem
343 1771 505 1815 laudat:
540 1771 612 1814 ε’άν
649 1787 713 1820 τις
747 1770 962 1821 συνίςηται
1002 1770 1025 1821 ἢ
1060 1770 1288 1826 συνδεκάζῃ
1313 1771 1388 1820 τὴν
1421 1771 1590 1822 ἡλιαίαν
1617 1772 1640 1821 ἢ

214 1850 294 1890 τῶν
326 1846 566 1899 δικαςηρίων
600 1861 640 1888 τι
675 1850 754 1888 τῶν
784 1846 998 1895 Ἀθήνησιν
1022 1844 1045 1895 ἦ
1067 1846 1141 1894 τήν
1172 1845 1351 1897 βουλὴν,
1382 1845 1450 1889 ἐπὶ
1482 1846 1640 1900 δωροδο-

215 1921 285 1976 κία
315 1921 524 1974 χρήματα
553 1921 682 1969 διδοὺς
705 1920 728 1970 ἣ
755 1918 1001 1972 δεχόμενος,
1036 1918 1059 1968 ἢ
1088 1918 1271 1976 ἑταιρίαν
1293 1919 1435 1975 corle-n
1462 1920 1531 1963 ἐπὶ
1563 1937 1638 1964 κα-

213 1995 390 2039 ταλύσει
418 1998 491 2038 τοῦ
519 1994 647 2047 δήμου
664 2027 676 2049 ,
705 1993 729 2045 ἢ
764 1994 982 2048 συνήγορος
1016 1992 1068 2036 ὢν
1097 1992 1305 2049 λαμβάνῃ
1336 1994 1546 2048 χρήματα
1568 1994 1637 2038 ἐπὶ

212 2075 308 2117 ταῖς
328 2068 461 2116 δίκαις
483 2074 579 2115 ταῖς
605 2067 726 2115 ἰδίαις
748 2068 771 2117 ἢ
796 2067 1036 2119 δημοσίαις,
1058 2067 1212 2110 τούτων
1239 2065 1342 2110 εἶναι
1362 2067 1441 2115 τὰς
1461 2068 1636 2122 γραφὰς

210 2143 309 2197 πρὸς
346 2143 440 2190 τοὺς
481 2140 750 2195 θεσμοθέτας-4
827 2141 911 2187 Vix
946 2147 1127 2199 utraque
1155 2141 1226 2185 lex
1254 2140 1367 2199 apud
1395 2141 1635 2186 Demosthe-

211 2233 311 2260 nem
330 2222 466 2273 potest
490 2216 676 2275 genuina
697 2230 784 2259 esse
796 2232 807 2269 ;
840 2216 885 2258 in
910 2214 1005 2273 lege
1030 2216 1074 2259 in
1104 2215 1222 2259 Orat.
1250 2230 1286 2260 c.
1308 2215 1450 2274 steph.
1475 2232 1632 2275 poena,

209 2305 319 2350 quae
358 2290 446 2335 sine
483 2289 611 2334 dubio
645 2290 785 2335 statim
824 2288 1077 2348 sequebatur
1114 2305 1138 2334 e
1167 2289 1344 2335 solemni
1372 2289 1519 2351 legum
1547 2290 1634 2334 for-

210 2365 350 2418 mula,
393 2365 621 2417 omittitur,
661 2365 759 2422 quia
788 2363 1085 2409 Demosthenes
1114 2371 1278 2409 tantum
1307 2365 1488 2423 probare
1516 2364 1631 2417 vult,

208 2447 355 2484 contra
393 2438 498 2483 tales
526 2438 715 2483 homines
754 2439 935 2483 actiones
964 2438 1077 2483 dari:
1121 2440 1156 2483 οἱ
1202 2440 1244 2483 δὲ
1285 2440 1396 2492 νόμοι
1428 2438 1499 2482 καὶ
1540 2439 1630 2493 περὶ

207 2514 359 2557 τούτων
391 2514 562 2567 γραφὴν
589 2513 875 2563 πεποιήκασιν.
952 2514 1108 2557 Contra
1146 2514 1190 2556 in
1232 2513 1327 2570 lege
1370 2512 1414 2553 in
1453 2510 1631 2556 Midiana

207 2588 332 2646 plura
361 2587 631 2639 omittuntur,
667 2603 703 2630 v,
723 2603 758 2630 c.
788 2588 881 2644 quis
906 2596 1022 2632 actor
1046 2588 1173 2645 possit
1203 2602 1289 2630 esse
1315 2587 1357 2629 in
1383 2586 1461 2631 hac
1482 2602 1626 2639 causa,

205 2661 318 2719 apud
363 2677 487 2719 quem
529 2675 652 2704 causa
692 2661 916 2705 deferenda
957 2664 1031 2713 sit,
1079 2662 1152 2717 qui
1191 2660 1344 2704 iudices
1380 2661 1521 2704 sedere
1556 2661 1627 2704 de-

201 2739 348 2788 beant,
387 2751 490 2781 num
514 2736 783 2789 προστίμησις
817 2737 958 2782 locum
984 2736 1137 2782 habere
1168 2735 1315 2794 possit:
1350 2751 1456 2794 quae
1487 2737 1628 2781 omnia
