1774 3036
850 145 904 186 27

228 286 371 345 Neque
400 301 520 338 sane,
552 286 596 329 in
627 290 741 329 tanta
771 283 1041 342 trepidatione
1066 289 1192 341 atque
1217 289 1352 335 meta,
1384 281 1586 340 peculiari

174 360 449 418 psephismate
478 359 542 403 usi
570 365 687 412 sunt,
733 358 785 402 de
814 373 899 415 quo
936 364 1151 416 praeterea
1181 358 1243 402 nil
1272 363 1447 402 constat.
1508 356 1589 400 Sed

170 434 239 478 vel
262 434 330 479 fac
358 433 439 478 loci
463 433 782 492 explicationem
811 433 1040 492 excogitari
1069 448 1204 491 posse,
1236 431 1351 490 quod
1380 431 1589 477 narratio-

171 510 236 552 nis
273 508 478 552 rationem
507 509 642 552 sinere
672 507 940 551 vehementer
968 523 1079 567 nego
1108 515 1150 552 et
1183 507 1367 567 negabo,
1407 506 1593 551 adducat

173 583 275 629 mihi
304 584 420 642 quis,
451 598 624 641 quaeso,
657 582 898 640 exemplum
912 615 923 635 ,
955 582 1028 626 ubi
1055 583 1101 627 in
1130 583 1394 627 accusatione
1423 582 1593 640 publica

178 658 359 718 (γραφῇ)
393 657 584 701 sederent
623 658 738 702 6000
768 656 939 701 iudices.
1011 657 1119 700 Nam
1159 657 1337 715 cogitari
1365 657 1511 713 nequit
1540 655 1594 699 de

171 731 355 787 προβολῇ
388 738 462 775 aut
485 732 764 789 εἰσαγγελίᾳ,
797 732 896 790 quia
925 731 1097 778 δικαςαί
1127 725 1348 785 dicuntur,
1380 731 1494 789 quod
1522 745 1595 774 so-

173 805 300 849 lenne
322 820 477 851 nomen
498 814 560 851 est
582 807 884 860 Heliastarum,
912 806 966 850 de
989 807 1191 850 concione
1214 820 1450 864 numquam
1471 820 1595 849 usur-

174 886 313 937 patur,
379 882 442 926 En
472 881 738 926 manifestum
768 881 1052 926 testimonium
1087 882 1349 949 ignorantiae
1389 881 1594 931 auctoris,

758 939 1076 957 »mmmm-‚W

176 955 250 1012 qui
278 955 463 1001 tribunal
487 964 535 1017 et
560 956 802 1012 concionem
825 956 1066 1023 ffliscet,
1088 962 1139 1000 ut
1161 944 1351 999 soleBant
1374 946 1475 1013 poat'
1489 962 1597 999 tem-

175 1044 280 1086 pora
302 1030 566 1076 Macedonica
594 1030 673 1090 ⁶⁹).
734 1030 817 1075 Sed
844 1025 936 1076 fieri
965 1037 1119 1088 potest,
1151 1038 1200 1075 ut
1229 1037 1375 1075 auctor
1404 1030 1600 1089 cogitarit

177 1104 437 1156 ὑπωμοσίαν,
470 1105 523 1148 de
552 1120 636 1162 qua
661 1105 752 1150 Mei.
786 1106 907 1149 Proc.
939 1104 1024 1148 Att.
1051 1120 1092 1162 p.
1126 1104 1227 1148 285.
1284 1105 1445 1149 Verum
1474 1118 1600 1147 nemo

177 1176 280 1223 mihi
303 1178 590 1236 persuadebit,
620 1179 744 1223 illum
774 1185 970 1223 accurate
1000 1178 1125 1222 fuisse
1155 1178 1359 1223 locutum.

237 1253 382 1311 Neque
418 1260 559 1298 tamen
588 1252 693 1298 haec
722 1254 864 1297 omnia
892 1259 1004 1298 sunt.
1065 1254 1253 1312 Apparet
1284 1254 1397 1297 enim
1426 1268 1451 1297 e
1480 1254 1501 1309 §
1528 1253 1598 1297 22.

177 1327 433 1385 Leogoram,
481 1343 580 1371 cum
625 1335 773 1372 contra
814 1329 1094 1386 Speusippum
1138 1328 1317 1381 diceret,
1362 1328 1491 1371 etiam
1534 1327 1603 1370 sui

176 1400 305 1457 ipsius
349 1401 532 1444 criminis
577 1400 720 1445 fecisse
764 1397 1037 1455 mentionem,
1083 1408 1128 1445 et
1169 1400 1485 1447 concedendum
1514 1409 1598 1454 est,

178 1473 269 1516 fieri
298 1490 438 1532 posse,
479 1482 528 1518 ut
560 1476 794 1534 Leogoras,
822 1477 985 1520 etiamsi
1013 1477 1098 1520 alia
1134 1475 1186 1520 de
1215 1492 1263 1520 re
1294 1477 1500 1521 actionem
1529 1477 1602 1519 in-

179 1548 396 1602 stituisset,
428 1553 570 1594 tamen
599 1548 651 1593 de
675 1564 719 1593 se
742 1550 832 1608 ipso
856 1548 1028 1602 dixerit,
1060 1548 1133 1593 sed
1157 1564 1245 1593 non
1265 1549 1475 1609 intelligo,
1499 1564 1604 1608 quo-

179 1621 305 1666 modo
341 1623 598 1680 Speusippus
631 1639 675 1667 se
704 1639 890 1682 purgare
919 1624 1101 1682 potuisse
1129 1624 1234 1683 fingi
1262 1625 1390 1682 possit
1418 1625 1483 1668 his
1510 1639 1604 1667 ver-

180 1696 263 1740 bis:
296 1694 457 1750 ἔλεγχε
489 1697 540 1741 σὺ
568 1696 638 1741 τὸν
665 1697 832 1752 ποια-ἐρα
863 1698 886 1748 ἢ
914 1699 986 1741 οὐκ
1014 1698 1081 1744 ἐςί
1105 1714 1166 1741 σοι
1192 1696 1328 1744 ἄδεια.
1371 1699 1466 1743 Non
1491 1699 1604 1743 enim

181 1771 225 1819 in
254 1786 305 1814 eo
329 1770 457 1815 cardo
481 1772 731 1829 quaestionis
755 1773 889 1830 posita
912 1779 1026 1825 erat,
1050 1787 1152 1816 nam
1175 1774 1386 1832 Leogoras
1406 1773 1605 1818 condem-

181 1849 275 1894 nari
303 1852 487 1904 poterat,
519 1860 657 1903 neque
686 1852 828 1890 tamen
857 1846 1018 1891 absolvi
1047 1848 1315 1905 Speusippus.

240 1922 324 1968 Sed
352 1927 440 1966 tota
469 1921 657 1978 quaestio
685 1920 982 1965 inextricabilis
1011 1921 1195 1974 videtur,
1234 1922 1353 1966 cuius
1382 1922 1463 1975 rei,
1496 1936 1605 1980 quae

184 1998 288 2042 mihi
310 1995 502 2039 videatur
532 2010 658 2038 causa
688 2011 775 2039 esse
788 2029 799 2048 ‚
837 1995 985 2041 dicam.
1048 1996 1180 2040 Multa
1210 2004 1414 2064 accuraffi
1437 2004 1480 2041 et
1508 2012 1607 2041 vere

183 2071 411 2117 traduntur
436 2070 480 2113 in
504 2068 584 2129 hac
605 2054 1606 2137 ontionehubivapqtoranhqfflzbssffl

192 2121 548 2145 me-m„ww‘0ff
552 2120 564 2129 ·'
574 2122 703 2139 “tn-..mnxmy
718 2126 728 2134 z·
734 2133 744 2135 ..

184 2147 296 2192 sidiis
333 2144 491 2190 utitur:
533 2143 608 2190 ubi
643 2159 745 2188 vero
784 2159 853 2198 ea,
899 2160 1008 2202 quae
1046 2145 1172 2189 modo
1211 2145 1339 2190 fando
1377 2146 1627 2201 inaudivit,1

193 2203 435 2218 mmmmm-»Mn

184 2237 225 2267 v.
243 2236 280 2266 c.
311 2209 545 2278 Leogoram
575 2219 700 2264 etiam
733 2219 1135 2278 Hermocopidarum
1166 2220 1333 2265 crimini
1356 2198 1629 2279 implicituml

186 2297 329 2349 fuisse,
369 2308 576 2338 exornare
613 2293 774 2347 studet,
809 2295 946 2338 statim
988 2295 1209 2339 committit
1247 2295 1447 2340 ridiculos
1484 2312 1606 2340 erro-

186 2389 275 2425 res,
307 2385 412 2429 quos
436 2367 654 2426 hucusque
684 2369 808 2416 nimis
835 2370 1041 2428 patienter
1071 2370 1260 2417 tulimus.

246 2445 409 2489 Addam
444 2458 511 2487 me
550 2443 767 2501 hucusque
798 2443 954 2488 frustra
989 2446 1252 2503 quaesivisse,
1291 2460 1368 2490 cur
1397 2447 1606 2506 Leogoras

187 2519 399 2563 ἐκάθευδεν
430 2519 519 2562 ἐκεῖ
546 2519 927 2571 ἐγκεκαλυμμένος.

247 2595 297 2635 In
337 2595 356 2648 §
394 2593 446 2635 19
477 2599 519 2636 et
549 2592 629 2636 alia
665 2592 867 2651 leguntur
896 2601 937 2638 et
966 2594 1088 2639 haec:
1132 2594 1280 2646 ἔλεξαν
1316 2595 1398 2648 γὰρ
1437 2595 1487 2644 ὡς
1524 2597 1604 2647 ἐγὼ

230 2749 271 2793 53³)
295 2748 415 2783 Sth'o'm.
440 2750 477 2782 de
500 2750 611 2783 comm.
637 2762 667 2794 p.
694 2752 736 2783 69
760 2762 801 2794 sq-

1673 946 1718 999 a}
