1774 3036
844 176 900 218 48

183 315 359 360 subinde
405 315 505 359 talia
544 311 805 372 supplebant.
868 313 991 357 Nunc
1029 313 1169 357 omnia
1204 319 1414 371 repetere,
1458 314 1609 374 quibus

187 392 291 435 haec
335 390 538 434 sententia
578 388 744 440 nititur,
786 402 923 445 neque
953 402 1058 445 opus
1088 395 1151 432 est
1179 403 1316 446 neque
1342 396 1473 433 vacat.
1510 389 1608 433 'Sed

185 479 337 522 operae
367 464 549 522 pretium
586 468 668 514 est,
712 462 1050 506 animadvertisse
1080 475 1250 507 causam
1285 463 1439 508 horum
1477 463 1607 509 docu-

183 546 428 583 mentorum
468 553 494 581 a
524 537 623 600 fide
624 551 809 599 ipsius
814 536 1264 597 Oranonm‘prorsus
1263 552 1361 593 esse
1387 538 1606 582 diversam.

225 600 279 610 ,φη
295 601 307 608 ,-
323 593 483 606 ...mm-n·-
478 591 520 601 ..v

186 612 292 655 Fieri
332 613 445 656 enim
474 618 629 670 potest
662 616 732 662 ut,
777 624 874 654 cum
906 588 1051 654 Oratio
1049 623 1239 680 spuria
1243 611 1318 679 git
1313 612 1609 682 affimssnwffle

185 676 487 732 documentum
504 701 774 756 genuinum
809 686 873 729 sxt
891 678 897 682 ’
921 668 1046 728 Tria
1087 700 1246 744 genera
1285 693 1427 731 autem
1466 686 1607 729 distin-

187 761 358 821 guenda
387 745 506 806 sunt:

250 838 289 879 1.
336 837 531 879 Genuina
575 836 850 887 documenta,
898 849 1007 893 quae
1050 835 1324 880 Grammatici
1368 852 1421 879 ex
1464 837 1608 881 iisdem

186 909 371 954 fontibus
401 909 553 968 quibus
577 910 656 968 ipsi
684 909 884 954 Oratores
911 909 1162 967 petiverunt.

246 985 287 1027 2.
334 985 395 1027 Ea
423 983 695 1036 documenta,
728 998 837 1041 quae
857 983 1043 1042 genuina
1071 983 1240 1041 quidem
1267 992 1387 1036 sunt,
1414 984 1485 1028 sed
1509 984 1608 1028 alie-

186 1073 242 1101 no
273 1057 367 1102 loco
395 1057 564 1102 inserta.

246 1133 288 1175 3.
334 1132 519 1175 Tandem
559 1147 631 1183 ea,
679 1147 788 1189 quae
827 1133 981 1189 partim
1021 1133 1406 1177 Grammaticorum
1441 1134 1610 1192 ingenio

186 1205 413 1259 debentur,
437 1207 591 1264 partim
610 1221 664 1249 ex
682 1207 810 1264 ipsius
830 1206 1021 1250 Oratoris
1040 1207 1179 1250 verbis
1200 1208 1378 1251 conflata
1398 1214 1496 1251 sunt
1508 1208 1608 1266 11Ᾰ).

247 1280 506 1336 Plerumque
545 1286 688 1322 autem
723 1294 774 1323 ea
809 1280 1062 1323 documenta
1092 1287 1182 1323 tum
1211 1281 1460 1339 interpolata
1488 1289 1608 1333 sunt,

185 1360 281 1398 tum
310 1353 532 1398 lacunosa:
577 1352 689 1396 unde
719 1353 865 1397 coniici
894 1360 1029 1410 potest
1059 1360 1215 1411 quanta
1241 1355 1434 1398 cautione
1464 1355 1507 1398 in
1537 1354 1612 1397 tali

187 1442 235 1470 re
264 1441 370 1484 opus
399 1427 462 1470 sit.
955 1455 960 1457 -

249 1501 375 1555 Quod
419 1500 473 1545 ad
511 1507 703 1546 nostrum
742 1501 977 1560 psephisma
1020 1502 1186 1555 attinet,
1233 1502 1427 1560 equidem
1463 1503 1613 1546 lubens

190 1576 351 1634 largiar
385 1576 620 1633 genuinum
650 1591 756 1627 esse,
798 1576 833 1619 si
862 1576 965 1619 mihi
995 1582 1143 1619 contra
1172 1576 1362 1628 dabitur,
1402 1576 1509 1620 illud
1538 1575 1613 1619 do-

189 1655 438 1693 cumentum
477 1649 582 1693 adeo
611 1665 698 1693 esse
728 1656 995 1707 corruptum,
1037 1649 1256 1702 mutilum,
1295 1649 1611 1707 interpolatum,

190 1724 461 1774 lacunosum,
504 1728 553 1765 ut
590 1722 700 1766 nulli
739 1737 911 1779 prorsus
941 1723 1036 1766 usui
1066 1723 1267 1767 inservire
1301 1724 1440 1781 possit.
1507 1723 1615 1767 Nam

191 1805 358 1856 praeter
382 1812 455 1850 ea,
488 1812 597 1854 quae
624 1795 971 1841 Wachsmuthius
1000 1798 1084 1841 iam
1111 1797 1243 1851 dedit,
1273 1797 1378 1842 haec
1404 1797 1613 1842 annotavi.

251 1871 360 1914 Fieri
388 1877 524 1928 potest
556 1877 606 1913 ut
633 1870 889 1914 Patroclides
916 1871 993 1914 iste
1017 1873 1263 1926 κωμῳδῆτοιι
1295 1872 1349 1915 ab
1374 1870 1615 1930 Aristopha-

189 1962 244 1995 ne
273 1945 373 2005 115),

310 2035 349 2077 εἴ
377 2051 425 2078 τε
455 2033 761 2088 Πατροκλείδης
792 2049 855 2082 ’τις
887 2034 997 2086 ὑμῶν
1028 2034 1237 2090 τυγχάνει
1268 2037 1497 2092 χεζητιῶν,

310 2110 382 2153 οὐκ
412 2108 465 2152 ἂν
495 2107 668 2160 ἐξίδισεν
699 2109 740 2156 ἐς
771 2106 978 2160 θοὶμάτιον
1008 2109 1113 2152 ἀλλ’
1141 2109 1370 2154 ἀνέπτατο.

193 2200 258 2244 Ad
303 2215 430 2257 quem
470 2199 613 2242 locum
653 2197 903 2242 Scholiastes
933 2199 1149 2242 annotavit
1184 2198 1462 2243 Patroclidem
1492 2198 1615 2243 fuisse

195 2276 335 2320 virum
366 2274 577 2318 πολιτικὸν
608 2273 678 2317 καὶ
710 2272 872 2326 λόγιοντ
904 2273 976 2318 sed
1004 2273 1085 2318 hoc
1113 2274 1322 2317 incertum
1351 2279 1425 2318 est.

251 2351 303 2393 In
332 2350 461 2392 Ranis
492 2354 652 2400 autem,
684 2362 793 2405 quae
822 2347 969 2392 eodem
999 2362 1111 2391 anno
1141 2354 1258 2391 actae
1289 2353 1410 2400 sunt,
1442 2360 1528 2403 quo
1552 2345 1614 2390 fa-

196 2431 312 2469 ctum
351 2430 413 2468 est
441 2421 686 2467 Patroclidis
714 2421 971 2481 psephisma,
1014 2421 1085 2467 sed
1115 2422 1261 2480 paullo
1290 2429 1408 2474 ante,
1455 2420 1614 2467 chorus

195 2507 239 2544 et
268 2499 350 2543 alia
382 2498 502 2543 utilia
530 2496 676 2542 suadet
704 2505 746 2542 et
773 2497 854 2542 hoc
872 2497 981 2557 ¹¹⁶):

233 2666 289 2710 114)
312 2667 395 2699 'ralis
416 2667 480 2699 sere
500 2672 564 2707 est,
590 2666 615 2698 si
638 2665 715 2698 bene
741 2665 886 2707 memini,
910 2664 1021 2697 divisio
1046 2665 1085 2695 Κ.
1112 2663 1159 2695 Fr.
1184 2663 1367 2706 Hei-manni,
1391 2663 1453 2697 vid.
1475 2670 1541 2696 not.
1563 2663 1622 2697 59.
1641 2661 1645 2664 ⁴

234 2721 290 2766 ¹¹5)
315 2725 389 2755 Avv.
414 2723 492 2755 790.

237 2777 292 2824 1¹⁶)
318 2780 408 2823 Vspp.
424 2780 501 2812 692.
528 2779 592 2811 Non
613 2785 688 2822 puto
710 2779 773 2811 huc
794 2776 874 2811 trabi
889 2777 1000 2810 debere
1021 2776 1114 2820 Harp.
1136 2788 1186 2823 ap.
1201 2776 1296 2812 Sluit.
1316 2778 1414 2812 Lectt.
1431 2775 1622 2822 Aud.p,41.
