1774 3036
829 139 940 147 --——-

169 257 390 299 tardiorem
445 255 688 306 incitaveris,
740 270 765 297 a
800 262 911 298 recta
956 256 1021 299 via
1068 256 1323 303 aberrantem
1369 275 1432 305 me
1478 263 1598 306 nimio

168 346 288 388 saepe
318 332 542 374 reduxeris.

227 405 373 463 Neque
398 421 501 448 nunc
537 406 593 447 Te
615 405 846 460 praeterire
876 405 966 447 licet
981 438 990 456 ‚
1031 404 1263 451 Clarissime
1288 424 1500 462 numam,
1533 413 1601 468 qui

169 488 285 523 tanta
333 480 518 523 comitate
560 485 678 536 atque
726 478 975 523 humanitate
1020 480 1186 523 Indicas
1235 482 1391 526 litteras
1434 485 1601 528 docuisti

169 569 253 605 me,
301 562 345 596 ut
385 553 551 596 subinde
585 559 735 609 poetae
774 553 817 594 in
846 561 1019 596 mentem
1046 555 1220 607 veniret,
1263 572 1351 598 cum
1390 564 1601 615 tantopere

169 631 310 672 laudat
350 629 618 684 inqenuarum
658 628 808 670 artium
853 628 1118 684 disciplinam.
1182 629 1298 673 Nam
1338 639 1375 675 et
1418 632 1489 675 hoc
1527 648 1599 676 ve-

169 704 324 747 rissime
369 705 420 746 de
470 704 526 746 Te
572 702 661 745 licet
697 703 946 759 praedicare
959 735 969 754 ‚
1018 705 1216 747 neminem
1255 721 1447 763 umquam
1484 723 1511 750 a
1545 708 1601 749 Te

172 778 393 821 discessisse
422 778 500 819 nisi
529 777 748 819 meliorem.

238 851 391 895 Verum
411 851 548 902 doleo,
588 849 818 893 Clarissime
842 864 1019 902 KAISER,
1047 867 1127 895 non
1157 854 1234 895 nisi
1262 855 1445 897 ultimum
1475 856 1601 897 locum

178 926 271 969 Tibi
312 927 504 984 relinqui,
546 926 615 967 ubi
654 933 728 967 stet
760 926 831 967 hoc
859 926 971 981 qrati
1001 926 1126 968 animi
1148 928 1354 983 publicum
1384 930 1600 972 documen-

171 1009 268 1044 tum.
332 1001 519 1043 Iucunda
550 1000 648 1042 haec
678 999 778 1041 mihi
808 1007 865 1042 est
894 1001 1138 1052 recordatio,
1171 1003 1228 1044 Te
1257 1016 1306 1045 ea
1335 1017 1435 1045 cura
1469 1003 1603 1046 studia

174 1075 327 1118 rexisse
357 1075 528 1125 iuvenis,
563 1090 589 1115 a
626 1075 711 1115 Tua
737 1074 948 1129 disciplina
979 1074 1119 1126 alieni,
1151 1083 1195 1117 ut
1224 1077 1287 1118 vel
1316 1077 1371 1128 is,
1404 1077 1473 1133 qui
1497 1084 1601 1120 totus

170 1164 211 1193 se
250 1151 369 1192 daret
407 1148 473 1200 iis,
517 1148 560 1190 in
594 1148 734 1206 quibus
770 1163 941 1205 reqnas,
974 1150 1150 1206 pulchre
1189 1151 1240 1193 de
1273 1165 1315 1194 se
1346 1159 1478 1193 actum
1515 1159 1599 1196 esse

170 1226 314 1267 merito
345 1230 527 1280 putaret.
601 1223 687 1265 Sed
714 1239 795 1265 non
829 1230 986 1265 tantum
1029 1225 1084 1266 Te
1114 1225 1278 1279 coqnovi
1313 1224 1600 1270 Astronomiae

172 1300 455 1355 interpretem,
497 1312 659 1349 verum,
702 1299 810 1354 quod
837 1313 918 1340 non
941 1298 1076 1354 pluris
1107 1299 1267 1355 quidem
1287 1298 1426 1355 facio,
1458 1301 1531 1343 sed
1558 1301 1603 1344 in

173 1381 285 1416 tanto
328 1373 429 1415 Viro
463 1372 595 1428 maqis
624 1372 826 1422 admiror,
869 1372 1042 1413 amicum
1072 1386 1136 1415 me
1165 1380 1204 1414 et
1227 1372 1487 1429 familiarem
1518 1388 1601 1417 esse

173 1449 331 1490 iussisti.
398 1447 516 1499 Quod
545 1446 685 1503 quanti
706 1445 884 1502 faciam,
918 1460 968 1488 eae
994 1447 1066 1488 hoc
1095 1447 1272 1490 maxime
1302 1462 1506 1504 apparere
1522 1463 1601 1504 po-

176 1522 293 1574 terit,
332 1523 460 1579 quod,
500 1522 595 1563 dum
626 1520 773 1571 licebit,
822 1535 1039 1577 numquam
1083 1522 1140 1563 Te
1178 1522 1307 1564 colere
1345 1522 1528 1572 cessab03
1571 1522 1604 1564 is

175 1611 319 1653 nempe
350 1612 413 1648 es,
449 1611 567 1652 quem
596 1610 814 1651 numquam
843 1595 1028 1637 valetudo
1059 1596 1204 1638 avertit
1235 1612 1261 1638 a
1284 1597 1446 1648 studiis,
1478 1610 1605 1676 neque

174 1671 308 1713 studia
339 1671 390 1713 ab
421 1685 559 1714 eorum
588 1668 953 1712 communicatione.

239 1745 321 1790 Vos
366 1760 542 1806 quoque,
604 1744 765 1788 Ceteros
804 1760 902 1801 quos
947 1744 1070 1786 habui
1108 1745 1152 1787 in
1196 1753 1337 1788 nostra
1380 1744 1606 1789 Academia

169 1827 485 1876 praeceptores,
528 1818 588 1860 ita
627 1832 728 1873 erqa
756 1832 820 1859 me
843 1816 1007 1873 fuistis,
1049 1826 1115 1869 ut,
1157 1819 1235 1860 nisi
1264 1819 1489 1875 superiores
1517 1820 1606 1861 ilios

175 1909 420 1950 coynossem‚
435 1892 569 1949 facile
584 1892 827 1934 induxissem
851 1891 951 1932 mihi
969 1892 1012 1933 in
1031 1893 1225 1944 animum,
1248 1894 1350 1936 tales
1367 1909 1435 1935 vos
1448 1892 1603 1950 fuisse,

176 1970 315 2025 quales
352 1969 462 2010 nullo
502 1968 591 2009 iure
621 1974 763 2022 optare
793 1965 984 2017 licuisset,
1028 1974 1099 2008 aut
1132 1967 1476 2011 verisimilitudine
1504 1983 1604 2025 qua-

175 2046 273 2086 dam
303 2050 547 2099 exspectare.

235 2119 445 2175 Denique,
488 2131 586 2173 quos
629 2115 924 2158 Commilitones
961 2114 1083 2157 habui
1113 2114 1401 2168 Amicissimos,
1439 2117 1603 2173 quibus-

175 2208 265 2236 cum
309 2192 463 2236 Leidae
502 2191 596 2246 deqi
630 2205 757 2232 annos
799 2190 1084 2245 complusculos
1123 2197 1246 2247 atque
1286 2191 1397 2234 haud
1433 2192 1512 2234 scio
1551 2206 1604 2233 an

175 2268 295 2311 totius
322 2266 428 2309 vitae
459 2265 659 2308 humanae
689 2263 1007 2314 iucundissimos,
1040 2277 1159 2321 spero
1181 2263 1305 2321 fore,
1338 2273 1383 2308 ut
1407 2280 1603 2309 nonnumae

175 2357 298 2399 quam
326 2341 405 2384 mei
438 2339 723 2389 recordemini,
756 2353 827 2381 nec
859 2340 1069 2395 temporis,
1117 2341 1225 2395 quod
1252 2340 1370 2383 simul
1399 2338 1601 2395 transeqi-

176 2433 281 2467 mus,
314 2417 391 2459 cito
416 2422 624 2459 evanescat
654 2414 861 2458 memoria.

239 2489 394 2534 Valete.

282 2593 358 2628 Ser.
388 2590 520 2639 Hagae
549 2590 704 2629 Comitis
732 2603 780 2628 m.
812 2589 901 2627 Dec.
934 2600 1094 2627 MDcccn.

811 2749 975 2768 ..ψ-,-
