1774 3036
835 137 888 180 36

153 275 364 327 doctrina,
412 281 707 333 praeterquam
746 274 860 333 quod
889 276 970 320 tria
999 276 1166 334 quidem
1205 277 1381 330 ἀτιμίας
1413 294 1571 338 genera

153 349 390 409 distinguit,
437 366 524 394 non
563 366 666 396 vero
704 351 838 395 utitur
871 351 1104 398 vocabulis⁴
1124 351 1320 397 infamiae
1363 355 1571 399 maximae

154 425 314 468 mediae
344 426 554 470 minimae.

210 499 438 557 Aliquanto
467 500 617 544 melius
646 500 926 545 &humanans
941 500 1000 560 ⁸⁶)
1033 515 1125 545 rem
1154 499 1346 559 explicat.

213 575 459 634 Distinguit:

193 649 225 692 Ι.
270 650 561 709 gravissimam
584 650 703 694 illam
727 649 924 703 ἀτιμίαν,
958 664 1042 708 qua
1071 649 1246 694 affectus
1272 655 1334 694 est
1357 649 1574 696 Arthmius

272 726 348 768 iste
368 725 530 768 Zelites.
563 724 855 768 Huiusmodi*
829 740 979 776 ατιμον
1004 725 1177 781 impune
1199 724 1387 768 occidere
1407 725 1571 770 licebat.

175 799 227 842 ΙΙ.
271 797 448 850 ἀτιμίαν
478 798 648 854 proprie
676 797 736 840 sic
766 796 941 841 dictam:

333 889 375 916 α.
408 872 726 928 temporariam,
748 887 901 929 nempe
919 875 999 915 τῶν
1029 871 1276 927 ὀφειλόντων
1300 873 1357 927 τῷ
1379 872 1572 926 δημοσίῳ

332 947 380 998 β.
406 946 702 1004 sempiternam
732 961 900 1000 eorum,
933 946 1086 1004 quibus
1113 945 1216 991 haec
1251 947 1339 1005 ipsa
1367 953 1429 992 est
1456 946 1575 1006 fiagi-

408 1021 565 1065 tiorum
595 1036 743 1079 poena.

156 1097 231 1140 111.
264 1095 441 1149 ἀτιμίαν
471 1096 587 1140 κατὰ
617 1095 860 1151 πρόσταξιν.

215 1171 297 1214 Sed
341 1172 478 1228 aptius
521 1171 774 1223 vibebimuS,
822 1186 876 1215 an
916 1171 1020 1215 haec
1053 1172 1199 1216 divisio
1228 1171 1398 1230 probari
1426 1170 1574 1229 possit,

158 1246 231 1289 ubi
260 1261 437 1303 agemus
464 1245 517 1289 de
546 1245 769 1289 Andocidis
798 1245 906 1290 loco.

216 1320 385 1377 Optime
414 1334 516 1363 vero
545 1320 829 1376 quaestionem
860 1325 1058 1363 tractasse
1087 1319 1189 1363 mihi
1212 1319 1377 1363 videtur
1414 1317 1577 1363 Wacke-

155 1395 330 1438 mutkius
356 1394 433 1453 ³⁷).
495 1394 615 1437 Missa
644 1393 719 1437 illa
747 1393 943 1452 infamia,
977 1408 1106 1451 quam
1135 1394 1413 1438 Schbmcmnue
1441 1393 1578 1451 primo

156 1469 250 1511 loco
279 1469 419 1525 ponit,
452 1467 691 1525 distinguit:

200 1544 234 1587 Ι.
277 1541 455 1593 ἀτιμίαν
484 1544 563 1585 τῶν
593 1540 841 1597 ὀφειλόντων
872 1541 929 1596 τῷ
960 1541 1153 1595 δημοσίῳ.

183 1618 238 1659 ΙΙ.
280 1615 484 1667 ἀτιμίαν,
517 1630 627 1672 quae
655 1621 718 1658 est
745 1614 1002 1673 flagitiorum
1031 1629 1179 1672 poena.

157 1691 232 1735 III.
275 1689 452 1742 ἀτιμίαν
466 1722 479 1739 ,
522 1704 607 1747 qua
636 1689 729 1747 quis
757 1688 1006 1747 prohibetur
1040 1695 1197 1733 certam
1234 1690 1447 1747 quandam
1476 1705 1581 1742 γρα-

279 1764 365 1818 φήν
396 1764 625 1808 instituere.

166 1841 240 1884 1V.
283 1838 459 1890 ἀτιμίαν
490 1838 606 1881 κατὰ
634 1836 875 1891 πρόσταξιν.

223 1913 364 1966 Quam
386 1911 630 1957 divisionem
659 1917 801 1954 tamen
831 1926 917 1955 non
942 1925 1115 1969 prorsus
1138 1926 1257 1969 posse
1271 1910 1459 1968 probari,
1485 1925 1583 1954 mox

164 1986 393 2044 apparebit.
454 1984 517 2029 Ac
545 1985 631 2028 iam
654 1984 871 2029 videamus
899 1984 952 2029 de
972 1985 1165 2038 infamia,
1197 2000 1326 2043 quam
1350 1984 1585 2029 Andocides

166 2061 304 2118 primo
327 2058 422 2102 loco
445 2058 582 2116 ponit,
604 2073 757 2117 nempe
780 2063 859 2102 τῶν
885 2058 1131 2114 ὀφειλόντων
1159 2060 1217 2114 τῷ
1248 2059 1452 2114 δημοσίῳ,
1480 2060 1586 2104 sitne

169 2134 243 2178 illa
273 2134 406 2177 altera
436 2134 630 2192 gravior,
662 2148 717 2177 an
748 2139 908 2177 contra.

226 2207 407 2251 Multum
443 2222 612 2261 vereor,
651 2213 700 2251 ut
729 2206 952 2251 Andocidis
980 2207 1211 2260 auditores,
1250 2208 1285 2251 si
1314 2206 1483 2265 quidem
1513 2221 1586 2251 ne-

168 2284 341 2333 scirent,
383 2282 485 2338 quid
523 2288 629 2325 esset
665 2282 845 2334 ἀτιμία,
894 2281 1053 2338 aliquid
1090 2297 1143 2324 ex
1186 2282 1275 2325 eius
1312 2281 1588 2339 explicatione

168 2354 435 2414 profecerint.
499 2356 639 2410 Quam
678 2355 856 2400 obscure
884 2356 996 2399 enim
1027 2354 1180 2399 indicet
1214 2355 1339 2413 quale
1369 2361 1475 2398 esset
1502 2355 1586 2413 pri-

214 2573 255 2619 86)
280 2575 323 2607 De
344 2575 456 2607 comm.
480 2575 523 2607 73
548 2584 614 2619 sqq.
650 2571 733 2605 Unde
758 2550 854 2617 tnagis
876 2573 970 2606 miror
992 2583 1064 2605 eum
1084 2572 1118 2604 in
1144 2572 1229 2603 Proc.
1252 2572 1314 2604 Au.
1334 2571 1369 2604 ll.
1387 2574 1595 2617 quinquennio

168 2639 236 2676 post
265 2624 439 2676 amplexum
466 2631 560 2663 fuisse
590 2631 698 2663 Meieri
720 2631 913 2663 sententiam.
950 2630 1059 2662 Paucis
1085 2639 1147 2660 rem
1171 2628 1300 2661 absolvit
1324 2629 1357 2661 in
1386 2631 1505 2675 Antiqq.
1533 2630 1596 2662 lur-

161 2687 252 2719 Publ.
276 2698 308 2729 p.
333 2688 411 2718 199.

216 2742 258 2787 87)
283 2742 475 2777 Hellenische
499 2741 811 2786 Alterthnmskundc,
835 2746 888 2779 2te
908 2742 1043 2787 Ausgab.
1070 2742 1111 2776 11.
1133 2752 1165 2786 p·
1190 2742 1253 2776 197
1275 2753 1337 2787 sqq.
