1774 3036
892 211 915 250 6

192 359 311 404 sunt;
360 366 445 393 non
491 350 628 392 solum
669 350 781 393 enim
817 349 918 392 ficta
953 350 1129 392 crimina
1166 351 1364 393 exornari
1402 352 1610 405 solebant3

194 423 267 469 sed
307 423 568 482 saepiuscule
608 424 652 466 in
686 422 751 467 his
779 422 1157 467 Declamationibus
1186 425 1394 483 principes
1421 427 1496 483 qui
1525 425 1615 470 fue-

196 506 294 542 rant
332 500 375 540 in
416 514 506 556 rep.
548 499 628 540 viri
657 498 1000 557 exagitabantur3
1048 514 1169 555 saepe
1200 500 1618 544 conscribillabantur

196 572 510 626 oratiunculae,
554 587 662 630 quae
693 572 972 616 celeberrimis
1003 572 1291 625 Orationibus,
1333 563 1625 618 Demosthenis

198 662 238 690 V.
267 662 302 690 c.
317 680 328 699 ,
362 662 441 703 pro
470 646 768 704 deuterologiis
807 654 849 689 et
877 647 1098 705 tritologiis
1127 654 1263 689 essent
1290 647 1341 706 ⁵).
1405 648 1524 701 Quae
1555 662 1620 692 res

199 728 378 778 quantas
419 720 579 765 dederit
609 721 778 774 turbas,
827 720 907 765 dici
937 722 1006 764 vix
1035 728 1190 779 potest,
1231 736 1318 765 non
1348 721 1485 765 solum
1514 728 1619 764 tem-

198 811 302 851 pore
348 796 732 838 Grammaticorum
762 795 1165 848 Alexandrinorum,
1212 796 1284 839 sed
1316 798 1441 839 etiam
1475 802 1619 847 antea,

200 870 258 912 ita
287 875 336 911 ut
365 876 407 912 et
435 869 688 913 Plutarchus
718 884 1040 927 nonnumquam
1070 886 1113 913 se
1142 869 1277 927 decipi
1306 870 1621 927 passus-fuerit,

199 942 317 1000 quod
361 943 408 985 ni
443 943 569 986 fallor
613 959 695 987 usu
735 945 850 987 venit
888 945 933 987 in
970 944 1192 997 Oratione,
1239 959 1346 1002 quae
1376 944 1625 988 credebatur

201 1017 426 1061 Andocidis
467 1025 613 1062 contra
642 1019 900 1062 Alcibiadem
931 1019 983 1078 ⁶).
1046 1019 1221 1073 Κρίσεως
1253 1019 1481 1076 antiquitus
1509 1020 1625 1063 insti-

203 1100 319 1137 tutae
359 1094 632 1138 memorabile
667 1102 802 1138 exstat
841 1094 1081 1152 exemplum
1120 1094 1164 1137 in
1200 1093 1389 1152 Dionysii
1423 1094 1626 1138 Halicar-

202 1169 403 1211 nassemis
431 1169 590 1212 Iudicio
621 1171 672 1212 de
701 1169 929 1213 Dinarcho.
1001 1168 1236 1212 Rhetorum
1266 1169 1381 1213 fraus
1411 1184 1628 1227 quousque

203 1243 471 1299 processerit,
512 1242 653 1286 videre
685 1243 783 1286 licet
813 1245 856 1286 in
882 1244 1026 1301 Lysia,
1061 1244 1179 1286 cuius
1208 1244 1429 1301 Dionysius
1458 1251 1499 1287 et
1528 1245 1628 1287 Cae-

205 1316 326 1359 cilius
356 1332 571 1374 superesse
602 1323 809 1375 putarunt
838 1316 1059 1361 Orationes
1086 1318 1289 1371 CCXXX,
1322 1333 1420 1361 cum
1450 1311 1627 1362 circum-

204 1391 420 1434 ferrentur
458 1393 701 1437 CCCCXXV
728 1392 783 1449 ⁷).
857 1392 975 1436 Unde
1015 1394 1112 1435 satis
1152 1399 1284 1449 patet,
1326 1392 1466 1435 fallaci
1501 1407 1629 1450 argu—

204 1472 347 1509 mento
385 1466 689 1509 Ruhnkenium
731 1481 768 1510 v,
797 1466 850 1510 cl.
884 1482 1008 1509 usum
1039 1466 1182 1519 fuisse,
1229 1482 1326 1510 cum
1364 1465 1633 1510 contenderet

204 1541 413 1598 genuinas
443 1556 531 1583 esse
560 1539 827 1597 Antiphontis
855 1539 1094 1591 Orationes,
1128 1539 1227 1595 quia
1257 1539 1344 1581 sine
1374 1538 1532 1581 fraudis
1560 1554 1629 1582 su-

204 1614 388 1671 spicione
419 1628 444 1656 a
474 1614 769 1657 Grammaticis
798 1612 1076 1656 laudarentur
1102 1612 1155 1671 ⁸).
1218 1613 1408 1665 Accedit,
1437 1603 1550 1670 quod
1578 1628 1631 1656 ex

205 1688 477 1731 Orationibus
506 1688 549 1730 in
581 1689 844 1741 universum,
887 1703 973 1731 non
1004 1688 1083 1730 nisi
1122 1694 1243 1730 caute
1271 1695 1313 1730 et
1342 1687 1539 1745 prudenti
1566 1688 1631 1732 in-

204 1763 503 1820 terpretatione
533 1762 705 1806 historia
735 1769 777 1805 et
807 1763 1031 1820 antiquitas
1062 1763 1259 1821 cognosci
1294 1763 1471 1820 possint3
1520 1762 1633 1819 quod

209 1837 343 1894 probo
369 1844 461 1880 tum
484 1837 696 1880 Ciceronis
724 1836 877 1880 iudicio
907 1837 958 1880 de
988 1838 1158 1881 Graecis
1187 1837 1434 1880 Oratoribus
1452 1837 1511 1896 ⁹),
1542 1842 1634 1880 tum

146 1901 178 2032 l}
206 1913 333 1955 titulo
372 1927 397 1954 o
428 1912 509 1955 eris
546 1911 713 1973 Caecilii
748 1912 1113 1974 ΟειΙαοιὶῃὶωξωωνωζωςέΞ
1158 1915 1237 1954 τῶν
1278 1912 1369 1975 zgxe'
1415 1911 1567 1965 ἱςορίαν
1609 1912 1632 1962 ἢ

1114 1962 1292 1976 *mazam-*³¹0³-
1310 1964 1331 1969 ὓ
1353 1963 1601 1981 ‚namna—memmmmum

162 1979 170 2038 ἱ
208 1988 308 2040 παρ’
336 1986 493 2039 Ῑςορίοιν
531 1987 747 2040 εἰρημένων
782 1993 869 2034 τοῖς
903 1987 1084 2040 ῥήτορσιν
1109 1985 1185 2043 ¹⁰).
1237 1984 1340 2028 Inde
1370 1985 1493 2028 etiam
1520 1992 1633 2042 pate·
1678 2026 1685 2033 ,

25 1972 71 2036 2⁴

250 2141 275 2185 5)
299 2142 345 2174 Cf.
370 2143 402 2173 F.
429 2145 467 2174 A.
492 2141 594 2180 Wolf,
630 2141 728 2172 Praef.
762 2140 800 2171 ad
825 2141 909 2172 Dem.
935 2141 1022 2182 Lept.
1044 2141 1115 2172 init.
1164 2141 1268 2171 Postea
1289 2139 1356 2171 vidi
1376 2140 1487 2171 horum
1508 2140 1641 2183 plurima

203 2201 263 2232 iam
284 2205 426 2231 accurate
447 2204 643 2242 pertractasse
665 2197 707 2229 Μ.
722 2197 759 2229 Η.
772 2197 805 2228 Ε.
826 2197 973 2228 meierum
999 2197 1033 2228 in
1058 2196 1169 2228 Comm.
1196 2197 1221 2228 Ι.
1246 2194 1284 2227 de
1308 2195 1385 2228 And.
1403 2195 1484 2229 Orat.
1499 2195 1641 2230 c.Alcib.

254 2254 280 2298 6)
305 2256 477 2287 Orationem
503 2256 638 2297 spuriam
661 2265 722 2285 esse
746 2255 900 2285 neminem
931 2252 1058 2293 latebit,
1091 2254 1147 2297 qui
1171 2252 1331 2284 conabitur
1350 2260 1471 2296 tempus
1494 2252 1640 2293 definire,

204 2321 265 2353 quo
296 2309 400 2341 habita
436 2311 486 2341 sit.
535 2309 630 2351 Quam
659 2309 867 2353 quaestionem
900 2309 1002 2340 nescio
1033 2319 1094 2353 quo
1124 2308 1212 2340 modo
1236 2320 1296 2340 non
1321 2310 1448 2354 attigere
1473 2308 1640 2353 Taylorus,

205 2366 461 2406 Valckenaerins,
493 2366 719 2406 Ruhnkenins,
756 2376 817 2409 qua
840 2365 880 2397 ‹le
910 2377 942 2397 re
968 2365 1169 2398 conserendus
1192 2373 1237 2398 est
1261 2367 1355 2399 Meier
1380 2367 1413 2398 in
1435 2366 1576 2398 Commtt.
1604 2365 1641 2397 de

208 2424 263 2455 bac
287 2423 367 2455 Orat.

254 2479 279 2517 7)
307 2480 353 2511 Ps.
380 2479 464 2511 Plut.
491 2479 551 2510 vit.
579 2478 619 2510 X.
644 2479 737 2510 Orant.
764 2491 796 2523 p.
819 2480 887 2510 836
910 2482 946 2511 A.

254 2536 281 2575 8)
308 2538 342 2567 ln
357 2536 475 2567 dissert.
490 2536 522 2567 P.
537 2547 593 2567 van
609 2536 708 2579 Spaan
729 2535 765 2566 de
779 2536 981 2579 Antiphonte‚
996 2537 1028 2567 in
1043 2536 1169 2568 Ruhnk.
1184 2537 1293 2579 Opusc.
1307 2535 1392 2567 Leid.
1409 2537 1506 2567 1807.
1517 2547 1548 2579 p.
1561 2537 1640 2568 245.

252 2592 280 2635 9)
304 2593 366 2624 Cic.
391 2591 428 2623 de
453 2592 533 2623 Orat.
559 2593 584 2624 1.
609 2592 626 2634 ᾗ
651 2592 736 2632 198,
762 2592 803 2623 ef.
827 2593 844 2635 ᾗ
867 2593 946 2624 253.

244 2648 285 2691 ¹⁰)
310 2649 355 2680 Cf.
379 2648 473 2681 said.
493 2650 527 2680 in
553 2659 581 2679 v.
605 2648 802 2685 Καικίλιος.
847 2648 959 2680 Eudoc.
986 2649 1019 2680 in
1042 2648 1160 2680 Villois.
1185 2648 1298 2680 Aneed.
1333 2649 1357 2680 Ι.
1386 2660 1418 2692 p.
1443 2650 1522 2682 268.
1555 2648 1641 2691 Tayl.

212 2705 310 2737 Praes.
341 2704 380 2735 ad
406 2704 476 2747 Lys.
502 2704 570 2735 Vll.
617 2704 692 2734 Nolo
725 2704 773 2734 uti
800 2705 894 2735 titulo
928 2703 1087 2735 cuiusdam
1114 2705 1384 2746 Ilarpocrativnis
1407 2705 1521 2748 operis:
1555 2704 1642 2747 περὶ

13 2745 49 2780 p
150 2708 164 2851 K
208 2761 280 2794 τῶν
307 2760 510 2793 δοκούντων
534 2766 610 2797 τοῖς
637 2760 801 2805 ῥήτορσιν
824 2762 1049 2804 ἠγνοῆσθαι,
1083 2767 1245 2804 antequam
1271 2762 1403 2793 refutata
1426 2762 1485 2792 erit
1510 2760 1644 2803 speciosa

209 2819 314 2849 Meteri
340 2819 529 2850 coniectura:
556 2818 592 2849 ἐν
612 2825 690 2855 τοῖς
716 2817 745 2860 ῤ.
783 2818 828 2849 Cf.
853 2818 965 2849 Comm.
992 2817 1029 2849 de
1051 2817 1129 2850 And.
1155 2817 1234 2851 Orat.
1258 2829 1285 2850 c.
1307 2818 1407 2850 Alcib.
1431 2818 1479 2849 w.
1501 2819 1532 2848 1.
1553 2826 1585 2859 p.
1599 2824 1643 2847 v1.
