1774 3036
845 167 900 208 46

223 306 305 350 Sed
334 321 486 364 operae
515 306 698 363 pretium
728 312 790 349 est
814 305 960 363 paucis
987 304 1222 359 declarare,
1255 307 1357 367 quid
1386 310 1473 366 ipse
1494 325 1585 354 sen-

163 383 265 424 tiam
301 380 353 424 de
391 379 590 423 divisione
617 379 833 432 infamiae3
873 379 1034 424 scilicet
1059 395 1187 436 quam
1211 394 1406 426 normam
1435 382 1517 427 hac
1544 386 1587 428 in

164 472 212 499 re
256 454 511 499 recentiores
544 455 676 499 secuti
713 454 814 507 sint,
854 453 982 499 huius
1018 455 1173 512 Capitis
1209 456 1329 500 initio
1368 457 1586 516 explicavi.

163 532 261 574 Mihi
301 537 443 573 autem
484 530 535 573 de
574 529 654 574 hac
693 530 935 588 quaestione
974 530 1031 574 sic
1069 529 1248 575 videtur.
1318 532 1439 576 Missa
1468 534 1590 593 gravi

166 605 241 648 illa
271 612 314 648 et
344 604 693 649 extraordinaria·
707 605 902 658 infamia,
946 619 1030 663 qua
1059 604 1278 650 Arthmius
1306 606 1456 650 Zelites
1486 609 1589 652 affe

163 688 255 725 ctus
284 687 349 724 est
373 681 483 739 ¹¹¹),
524 681 653 725 unica
691 687 857 724 tantum
892 679 1089 724 infamiae
1118 681 1276 738 species
1304 688 1367 724 est
1393 681 1587 734 Athenis,

166 770 253 814 qua
282 756 377 813 quis
404 757 672 809 ἀποςερεῖται
702 754 901 798 ἁπάντων
933 758 1012 797 τῶν
1050 756 1091 797 ἐν
1129 755 1248 798 πόλει
1280 756 1351 799 καὶ
1389 755 1591 808 καθάπαξ

160 830 311 882 ἄτιμος
342 830 540 882 γίγνεται
566 830 666 889 ¹1²).
728 828 928 873 Alienum
957 836 1020 874 est
1048 844 1074 873 a
1102 845 1197 874 meo
1224 831 1438 888 proposito
1466 846 1591 876 accu-

161 910 252 947 rate
275 903 465 957 tradere,
498 905 650 962 quibus
675 903 837 948 iuribus
863 903 1015 956 ἄτιμος
1041 905 1118 949 iste
1141 905 1398 963 privaretur,
1430 913 1473 949 et
1497 907 1590 963 qui-

160 979 240 1023 bus
269 979 431 1023 delictis
456 979 527 1023 lex
555 979 667 1024 hanc
696 994 877 1038 poenam
905 979 1158 1023 instituisset.
1221 980 1360 1023 Potest
1385 993 1482 1022 cum
1512 979 1592 1023 hac

162 1054 337 1098 infamia
375 1055 586 1099 bonorum
625 1055 855 1112 publicatio
896 1054 1119 1098 coniuncta
1158 1069 1268 1106 esse,
1309 1054 1381 1097 sed
1418 1054 1592 1098 infamia

161 1137 305 1174 tamen
335 1145 412 1187 per
441 1146 486 1173 se
514 1129 620 1173 nihil
649 1129 747 1173 inde
777 1135 980 1173 mutatur.

220 1203 377 1248 Eadem
409 1220 583 1263 prorsus
609 1204 785 1248 infamia
805 1204 988 1248 afficitur
1012 1205 1071 1257 is,
1103 1205 1177 1261 qui
1197 1219 1367 1262 quaqua
1390 1203 1444 1248 de
1467 1218 1592 1248 causa

163 1279 324 1334 ὀφείλει
359 1281 417 1333 τῷ
452 1279 654 1334 Ennoea-lm
697 1280 851 1323 etenim
880 1278 961 1322 hec
990 1294 1076 1322 non
1106 1294 1268 1335 poenae
1295 1285 1406 1330 erat,
1444 1278 1515 1323 sed
1544 1285 1593 1321 ut

163 1355 413 1397 incitaretur
442 1361 491 1397 ut
519 1355 641 1397 citius
664 1353 845 1397 solveret
864 1353 941 1411 ⁹⁸).
1005 1352 1164 1407 Quodsi
1193 1353 1287 1409 quis
1314 1359 1409 1410 post
1434 1367 1591 1396 nonam

163 1428 402 1485 prytaniam
449 1427 638 1471 nondum
684 1427 877 1479 solverit,
923 1426 1165 1484 duplicatur
1199 1426 1384 1469 debitum
1397 1458 1408 1478 ‚
1446 1426 1591 1483 publi—

165 1508 318 1546 cantur
345 1501 475 1554 bona3
510 1502 544 1545 si
572 1501 742 1545 vendita
769 1501 882 1545 bona
906 1500 1111 1545 mulctam
1135 1499 1334 1544 solvendo
1358 1500 1590 1551 sufficiunt,

164 1577 334 1620 infamis
361 1577 518 1620 iterum
545 1576 594 1619 fit
622 1576 833 1628 ἕπίτιμοςς
876 1577 911 1620 si
939 1575 1043 1633 quid
1071 1581 1280 1633 superest,
1313 1574 1395 1619 hoc
1428 1576 1468 1618 ei
1496 1574 1591 1619 red-

163 1651 280 1695 ditur
309 1650 392 1709 ⁸4).

222 1727 449 1768 Possumus
470 1723 780 1781 quodammodo
805 1723 915 1767 hanc
938 1724 1114 1776 ἀτιμίαν
1131 1723 1407 1781 temporalem
1432 1721 1588 1775 dicere,

163 1799 283 1843 illam
313 1798 591 1857 personalem.
651 1797 820 1856 Duplex
846 1797 954 1841 illud
983 1797 1180 1841 infamiae
1210 1812 1345 1855 genus
1373 1796 1592 1856 distingui-

164 1880 237 1918 tur
266 1874 394 1917 etiam
424 1874 543 1916 Dem.
576 1872 682 1916 Tim.
715 1875 735 1928 ᾗ
762 1872 834 1915 45.
881 1871 942 1915 Gf.
973 1878 1191 1928 praeterea
1215 1871 1322 1915 Poll.
1354 1873 1469 1917 VIII.
1489 1872 1588 1916 122.

223 1950 447 1993 Praeterea
484 1946 682 1991 nonnulli
721 1947 779 1989 ita
813 1945 1099 2004 puniebantur
1132 1952 1181 1989 ut
1211 1945 1459 2003 quibusdam
1489 1946 1592 1990 iuri-

164 2024 244 2067 bus
289 2029 331 2066 et
368 2022 596 2080 privilegiis
639 2021 929 2078 privarentur3
972 2021 1031 2064 sic
1070 2034 1109 2064 v.
1142 2035 1177 2064 c.
1216 2021 1471 2072 accusatori,
1519 2021 1594 2078 qui

166 2098 358 2155 quintam
398 2095 701 2154 suffragiorum
743 2101 906 2152 partem
941 2109 1028 2137 non
1061 2094 1238 2146 tulerat,
1286 2095 1467 2152 amplius
1504 2110 1591 2139 non

165 2172 318 2215 licebat
346 2171 524 2215 eandem
554 2170 764 2214 actionem
787 2168 1026 2222 intendere,
1056 2169 1101 2213 in
1126 2169 1280 2214 ceteris
1300 2176 1442 2215 autem
1466 2169 1594 2214 rebus

168 2261 268 2291 cum
312 2244 486 2302 reliquis
525 2243 684 2289 civibus
723 2243 817 2302 pari
855 2244 949 2287 iure
979 2242 1201 2303 gaudebat.
1261 2244 1329 2289 An
1358 2259 1461 2289 vero
1489 2244 1595 2289 haec

166 2320 341 2365 infamia
369 2320 481 2363 dicta
512 2319 639 2363 fuerit
667 2319 824 2372 ἀτιμίαι
853 2318 969 2362 κατὰ
997 2318 1248 2373 πρόσταξιν,
1280 2319 1403 2364 valde
1432 2319 1590 2364 dubito.

165 2396 313 2440 Fusius
341 2401 484 2438 autem
514 2393 618 2438 haec
647 2393 872 2438 enucleare
902 2394 1063 2438 omitto.

225 2471 400 2529 Legitur
429 2468 595 2521 eadem,
629 2483 758 2526 quam
789 2468 914 2512 modo
943 2469 1142 2521 tractavi,
1175 2470 1196 2525 §
1225 2467 1299 2511 76:
1332 2468 1403 2512 καὶ
1443 2467 1481 2511 εἴ
1510 2469 1589 2513 πού

166 2560 204 2587 τι
249 2543 512 2599 ἀντίγραφον
552 2539 612 2594 ἦν.
686 2543 768 2588 Sed
807 2542 1085 2590 conferendus
1122 2549 1185 2588 est
1222 2542 1371 2588 Moeris
1405 2558 1447 2589 v.
1477 2543 1591 2589 ἅντι-

206 2720 261 2763 1¹¹)
287 2721 373 2753 nem.
397 2732 424 2753 c.
449 2720 587 2764 Philipp.
613 2722 671 2754 111.
696 2721 712 2764 ᾖ
736 2723 791 2754 42.

205 2775 265 2820 ¹12)
287 2778 373 2809 Dem.
399 2776 470 2809 Mid.
496 2788 528 2821 p.
554 2778 610 2809 87.
