1774 3036
879 166 934 208 49

312 304 388 350 εἶτ’
418 305 566 360 ἄτιμόν
597 309 709 360 Φημι
739 309 889 360 χρῆναι
920 305 1061 358 μηδέν’
1091 304 1163 350 εἶν’
1194 308 1235 350 ἐν
1266 312 1317 362 τῇ
1351 306 1480 350 πόλει.

196 382 316 435 Quae
343 382 431 426 sine
459 381 587 425 dubio
614 380 699 424 huc
728 379 901 427 faciunt.

254 456 492 515 Psophisma
519 454 638 499 initio
666 442 875 499 mutilum'
894 460 975 507 est,
1009 461 1057 498 ut
1074 454 1227 500 horum
1257 455 1609 503 documentorum

193 531 393 587 pleraque
421 529 520 589 ¹¹⁷).

250 606 421 650 Initium
465 610 605 649 autem
644 604 702 648 sic
737 602 874 647 audit:
918 603 1055 654 ἐπειδὴ
1091 594 1355 660 ἐψηφίσαντο
1400 607 1607 657 Ἀθηναῖοι

188 681 262 730 τὴν
309 679 452 723 ἄδειαν
495 679 584 732 περὶ
619 683 697 722 τῶν
736 678 1004 733 ὀφειλόντων,
1049 677 1126 724 ὅτε
1162 680 1303 732 λέγειν
1342 680 1492 731 ἐξεῖναι
1532 683 1604 725 καὶ

187 753 470 809 ἐπιψηφίζειν.
543 753 655 809 Quid
698 753 801 813 haec
822 753 969 800 ,verba
1008 752 1243 812 significare
1280 755 1472 808 debeant,
1520 771 1606 799 non

187 830 408 886 ignoratur
436 828 539 887 ¹¹³³),
561 828 633 872 sed
653 829 829 872 obscure
843 829 1094 872 enunciatur
1105 845 1116 882 ;
1145 834 1237 872 tum
1257 828 1480 873 dicendum
1497 829 1606 874 foret

187 902 277 955 περὶ
299 906 377 945 τῶν
401 902 647 957 ὀφειλόντων
676 903 732 957 τῷ
761 902 936 956 δημοσίῳ
962 901 1037 961 8⁹).
1076 902 1274 946 Attamen
1295 919 1380 947 non
1402 903 1446 947 hi
1465 904 1604 948 solum

185 992 239 1020 ex
276 977 357 1021 hoc
395 976 669 1035 psephismate
709 976 891 1029 ἐπίτιμοι
923 976 1022 1019 facti
1050 984 1170 1029 sunt,
1215 977 1287 1019 sed
1315 978 1441 1022 etiam
1477 979 1605 1022 ceteri

122 1039 125 1041 Δ
183 1050 340 1104 ἄτιμοι.
403 1052 523 1107 Quae
555 1067 650 1105 ¹res,
697 1051 858 1095 etiamsi
902 1050 1136 1109 Xenophon
1178 1050 1425 1095 dubitationi
1464 1052 1606 1097 locum

184 1126 256 1167 vix
291 1126 513 1183 relinquit,
555 1126 713 1183 liquido
743 1132 904 1169 constat
927 1140 951 1168 e
981 1125 1152 1168 laudato
1180 1126 1468 1183 Aristophanis
1497 1127 1605 1171 loco.

183 1200 398 1257 Sequitur,
430 1200 699 1254 ψηφίσασθαι
732 1200 801 1242 τὸν
834 1200 960 1252 δῆμον
991 1200 1109 1243 ταῦθ’
1133 1198 1239 1253 ἅπερ
1272 1198 1333 1243 ἔτ’
1363 1197 1409 1249 ἦν
1440 1201 1497 1243 τὰ
1522 1218 1605 1253 μη-

181 1274 276 1316 Bm&
320 1275 407 1317 καὶ
427 1275 673 1325 συνήνεγκεν
713 1273 939 1323 Ἀθηναίοις
976 1273 1044 1314 ἐπὶ
1079 1274 1125 1315 τὸ
1161 1273 1342 1325 ἄμεινον.
1407 1275 1603 1328 Quocum

179 1348 433 1391 conferenda
461 1354 522 1391 est
544 1354 711 1391 nostrae
735 1346 947 1390 Orationis
969 1348 990 1402 ξ
1015 1347 1099 1390 107
1109 1362 1119 1389 ;
1152 1346 1289 1402 ὕςερον
1315 1347 1350 1389 δ’
1372 1347 1493 1397 ἡνίκα
1514 1349 1600 1400 βα-

177 1424 316 1471 σιλεὺς
348 1421 647 1476 ἐπεςροέτευσεν
678 1421 745 1465 ἐπὶ
771 1422 845 1470 τὴν
877 1413 1093 1477 ‘midam
1123 1420 1291 1473 γνόντες
1323 1425 1401 1464 τῶν
1435 1426 1602 1478 συμφο-

176 1500 248 1551 ρῶν
274 1500 352 1540 τῶν
386 1498 578 1540 ἐπιουσῶν
611 1496 657 1539 τὸ
691 1495 865 1548 μέγεθος
895 1495 965 1538 καὶ
998 1496 1071 1545 τὴν
1102 1496 1369 1549 παρασκευὴν
1408 1500 1480 1540 τοῦ
1513 1498 1599 1551 βα-

176 1571 344 1621 σιλέως,
378 1570 563 1623 ἔγνωσαν
591 1570 685 1618 τούς
716 1586 764 1613 τε
794 1569 1014 1624 φυγόντας
1051 1569 1364 1621 καταδέξασθαι
1395 1572 1464 1613 καὶ
1503 1574 1598 1621 τοὺς

174 1645 348 1697 ἀτίμους
377 1645 590 1697 ἐπιτίμους
616 1649 798 1693 ποιῆσαι.
861 1644 922 1686 De
952 1658 1038 1701 quo
1066 1643 1160 1687 loco
1187 1643 1239 1687 F.
1262 1643 1318 1688 A.
1354 1642 1474 1703 Wolf
1486 1646 1593 1705 ¹¹⁹):

175 1719 339 1775 „Quod
379 1718 612 1762 Andocides
657 1718 707 1762 de
752 1719 957 1765 amnestia
996 1717 1097 1761 belli
1139 1718 1294 1761 Persici
1336 1721 1595 1777 temporibus

174 1828 200 1849 „
211 1792 370 1851 prodit,
412 1809 498 1836 non
528 1793 743 1850 publicum
772 1809 861 1837 esse
889 1792 1047 1850 potuit,
1090 1791 1162 1836 sed
1191 1793 1326 1851 magis
1362 1783 1597 1840 oratorium

174 1867 312 1924 „est”
360 1867 506 1923 Quod,
538 1874 586 1911 ut
614 1867 754 1911 valere
785 1867 980 1912 fortasse*
986 1867 1114 1925 possit
1142 1866 1194 1910 de
1223 1866 1454 1913 Andocidis
1476 1869 1593 1923 loco,

172 1946 217 1987 in
256 1943 532 2001 psephismate
570 1950 710 1987 tamen
739 1943 928 2000 ineptum
959 1949 1031 1986 est.
1092 1943 1262 1985 Frustra
1291 1942 1417 1987 huius
1446 1959 1592 1988 amne-

171 2019 272 2062 stiae
301 2018 554 2061 mentionem
579 2017 782 2074 quaesivit
803 2015 1054 2074 Lelyveldus
1077 2031 1118 2073 p.
1138 2017 1244 2069 279;
1276 2016 1328 2061 A.
1354 2017 1406 2062 G.
1432 2018 1590 2062 Becke-

171 2109 248 2138 rus
263 2092 344 2152 ¹¹8)
372 2091 517 2135 laudat
540 2091 702 2136 Herod..
715 2093 767 2138 V.
787 2092 877 2145 62.;
901 2106 1045 2135 errore
1069 2091 1115 2134 ni
1139 2090 1282 2146 fallor3
1310 2098 1353 2136 et
1370 2093 1487 2138 Diod.
1504 2094 1586 2138 Sic.

171 2170 243 2212 XI.
273 2169 327 2211 29
341 2201 352 2220 ,
386 2183 512 2224 quem
542 2167 626 2210 huc
650 2183 736 2210 non
766 2166 904 2210 facere
934 2166 1041 2209 nihil
1070 2167 1216 2209 attinet
1238 2166 1431 2224 probare.
1478 2168 1588 2210 Tan-

168 2242 265 2286 dem
295 2241 572 2286 Schneiderus
596 2240 676 2301 ¹2⁰)
707 2241 919 2286 contendit
947 2239 1221 2284 Plutarchum
1246 2240 1291 2284 in
1312 2240 1588 2285 Themistocle

168 2317 286 2360 illam
324 2316 569 2359 amnestiam
599 2331 855 2360 memorare:
902 2316 1041 2359 nescio
1077 2330 1203 2372 quem
1234 2315 1417 2359 voluerit
1446 2316 1587 2359 locum

168 2396 334 2447 praeter
353 2390 450 2447 Cap.
468 2390 540 2433 XI.
556 2423 566 2442 ,
589 2389 663 2434 ubi
685 2390 843 2449 legitur
867 2388 1160 2433 Themistocles
1186 2388 1352 2444 γράψαι
1377 2390 1593 2448 ψήφισμα

205 2545 261 2590 ¹¹7)
285 2548 353 2580 oec.
380 2548 443 2580 civ.
468 2549 509 2580 11.
536 2559 567 2592 p.
595 2548 672 2580 199.

205 2602 261 2647 ¹¹⁸)
284 2604 371 2637 Dem.
394 2606 472 2637 Tim.
507 2605 597 2648 545.
644 2603 758 2636 Bockh.
784 2603 853 2637 oec.
878 2604 940 2636 Civ.
967 2605 992 2636 1.
1021 2616 1052 2647 p.
1079 2605 1155 2635 422.
1206 2602 1349 2645 imperite
1375 2601 1476 2633 locum
1501 2601 1593 2632 vertit

160 2663 196 2694 A.
222 2662 257 2694 G.
282 2660 436 2693 Beckerus
459 2673 511 2706 pg.
538 2664 615 2696 177.

154 2743 156 2745 -
207 2716 263 2756 ¹¹⁹)
287 2717 332 2750 Ad
358 2718 444 2749 Dem.
470 2719 558 2760 Lept.
583 2719 601 2761 ᾗ
628 2720 682 2751 11.
703 2730 734 2762 p.
757 2719 835 2750 275.
861 2718 914 2750 Ed.
942 2719 1039 2749 Brem.

207 2772 262 2819 1²⁰)
286 2774 332 2808 Aa
355 2775 433 2806 xen.
459 2773 538 2807 nell.
566 2775 604 2806 11.
631 2777 663 2806 ε.
689 2775 706 2818 9
733 2778 787 2809 11.
