1774 3036
15 1698 39 1707 ..-

17 1710 33 1721 fir
36 1713 41 1716 .

2 1963 31 1972 —n

834 171 888 212 56

149 315 233 358 κεῖς
276 307 341 353 οὖν
380 311 594 364 χαιρήσειν
637 311 659 360 ἢ
700 312 771 353 οὐκ
809 312 1104 354 ἀποθανεῖσθαι
1145 313 1195 360 ὡς
1235 310 1361 366 ἕτεροι
1397 311 1568 362 πσλλσί;
1629 355 1631 358 ,

154 400 262 442 quae
298 385 430 427 verba
464 383 675 428 Charicles
704 384 758 428 ad
797 384 1055 428 Andocidem
1095 385 1232 430 dicere
1260 385 1453 446 fingitur:
1496 388 1568 432 eii-

153 458 347 502 ciendum
390 464 453 501 est
493 458 516 508 ἢ
553 460 625 502 οὐκ
668 459 983 518 ἀποθανεῖσθαι,
1028 459 1284 517 adscriptum
1321 476 1472 519 nempe
1516 461 1571 504 ab

152 534 316 591 aliquo,
365 534 439 590 qui
477 533 655 577 verbum
694 533 857 588 χαίρειν
888 534 931 578 h.
958 535 986 578 1.
1020 534 1230 592 explicare
1266 535 1415 588 vellet,
1456 535 1571 593 quod

149 607 251 666 quid
281 608 354 662 sit,
387 607 685 667 Aristophanes
715 609 861 667 quavis
890 610 1043 669 pagina
1073 608 1239 654 docebit
1255 609 1353 669 ¹⁴²).

208 686 228 739 §
258 684 357 727 103.
405 683 522 728 Idem
563 685 647 728 iam
691 692 885 742 quaestus
925 692 987 728 est
1025 684 1258 729 Andocides
1297 687 1318 741 §
1346 686 1419 738 71;
1458 684 1572 742 quod

150 757 245 802 ideo
276 759 570 812 memorabile,
604 760 703 817 quia
731 759 829 802 inde
858 759 1054 804 discimus
1084 775 1212 818 quam
1243 766 1442 818 corrupta
1464 758 1571 803 Ora-

149 834 207 875 tio
237 832 291 875 ad
319 848 395 875 nos
425 834 673 890 pervenerit.
738 833 883 876 Priore
913 833 1038 876 enim-
1056 833 1150 876 loco
1175 833 1331 891 legitur
1361 833 1474 876 κατὰ
1502 834 1572 876 τὸν

147 906 267 959 νόμον
295 907 364 950 τὸν
396 906 603 959 κείμενον,
648 913 773 965 atque
791 908 863 951 sic
892 915 1024 961 recte,
1057 924 1109 952 ex
1134 908 1338 952 constanti
1367 922 1448 951 usu
1458 924 1469 962 3
1504 907 1572 951 al·-

147 990 239 1024 tero
269 981 364 1025 loco
395 982 597 1025 articulus
623 983 841 1026 omittitur.
904 985 999 1026 Mox
1029 983 1153 1040 plane
1179 982 1436 1026 contrarium
1467 982 1572 1025 obti-

150 1062 225 1099 net
253 1056 298 1098 in
331 1055 489 1099 verbis:
524 1056 638 1099 κατὰ
669 1057 879 1112 ψήφισμα
911 1056 1099 1111 πρότερον
1130 1056 1419 1108 γεγενημένον.

211 1132 231 1186 §
270 1132 353 1174 104
385 1137 631 1174 accuratum
658 1130 859 1175 lectorem
890 1147 975 1175 non
1002 1131 1135 1190 fugiet
1163 1129 1284 1174 ἕνεκα
1322 1135 1400 1174 τῶν
1428 1132 1574 1186 πρότε-

148 1221 221 1258 ρων
254 1205 543 1257 γεγενημένων
586 1205 775 1249 furnellis
820 1222 906 1249 esse
946 1206 1265 1264 expellendum3
1307 1207 1428 1250 sicuti
1456 1213 1506 1250 'et
1534 1209 1569 1249 οἱ

146 1280 454 1330 καιτοιςήσουσιν
494 1281 629 1323 αὐτῶν
661 1278 807 1326 ἕκαςον
845 1282 901 1330 εἰς
933 1282 1107 1333 (ἐνῶπα
1141 1281 1185 1324 in
1214 1280 1278 1324 his
1310 1279 1573 1324 additamen-

145 1355 198 1396 tis
223 1354 335 1397 enim
360 1370 447 1397 non
475 1369 658 1413 agnosco
683 1355 864 1398 Atticam
890 1352 1164 1414 elegantiam,
1199 1370 1327 1413 quam
1351 1356 1429 1399 etsi
1447 1370 1572 1399 nemo

144 1428 364 1484 hucusque
404 1429 446 1471 in
494 1428 704 1472 Orationis
745 1436 921 1472 auctore
957 1429 1260 1486 praedicaverit
1284 1429 1392 1489 ¹⁴³),
1429 1436 1571 1473 tamen

144 1501 250 1545 adeo
279 1502 457 1545 insulsas
487 1503 725 1546 iterationes
756 1504 795 1546 ei
824 1503 974 1561 culpae
1004 1511 1167 1547 vertere
1196 1503 1309 1547 nolo.

204 1578 258 1619 Et
300 1583 442 1620 tamen
456 1610 467 1630 ,
512 1577 668 1629 fateor,
710 1577 813 1621 haec
854 1579 997 1622 critica
1027 1579 1169 1621 omnia
1199 1577 1437 1621 dubitanter
1466 1574 1570 1636 pro-'-

140 1667 273 1722 293⁰·
336 1653 379 1694 Si
406 1652 518 1696 enim
549 1668 698 1696 verum
709 1644 809 1705 mest,>
836 1651 949 1710 quod
973 1645 1195 1711 suspicor,
1212 1642 1569 1697 Etsi''‘fiii“1ic''''fibn-

76 1778 81 1784 ι
145 1726 247 1771 dum
270 1726 451 1785 probare
473 1743 642 1785 possum
655 1762 665 1781 ,
692 1735 879 1772 nostram
895 1727 1136 1772 Orationem
1155 1728 1424 1793 compositam
1447 1728 1571 1772 fuisse

698 1784 1028 1797 ..Am-mmmm&
1031 1778 1182 1792 unvamma-2..
1186 1785 1205 1792 ,η
1277 1778 1360 1789 auo-sm
1363 1785 1365 1788 .
1368 1779 1486 1791 mnu-sm„

145 1817 172 1843 a
195 1802 619 1871 Rhamma&
660 1804 732 1860 <11¹1
763 1803 814 1846 de
845 1803 1570 1872 1299.tsine„335392132233132112111

147 1875 588 1942 orationgmffisubinde
613 1875 874 1927 imitabatur,
908 1892 1036 1933 quam
1062 1876 1328 1929 Orationem,
1359 1876 1463 1919 nihil
1492 1878 1570 1920 im-

145 1949 258 2006 pedit
289 1938 514 2006 quominus
545 1950 775 2008 genuinam
807 1949 947 2001 illam,
982 1965 1066 2007 qua
1096 1965 1195 1993 usus
1226 1956 1287 1992 est
1315 1949 1570 2002 Andocides,

151 2024 276 2067 fuisse
315 2023 567 2076 habeamus,
613 2023 768 2068 horum
808 2039 1002 2067 errorum
1043 2039 1198 2083 magna
1236 2039 1334 2082 pars
1373 2024 1571 2082 explicari

147 2098 319 2155 poterit,
354 2097 425 2139 sed
450 2098 576 2140 simul
608 2098 846 2141 cavebimus
863 2102 929 2141 ‘ne
959 2099 1138 2156 amplius
1167 2099 1285 2142 nobis
1315 2100 1568 2156 imponatur.

130 1916 137 1937 ξ

129 1940 135 1967 l

206 2173 318 2216 Nihil
350 2179 491 2217 autem
517 2174 616 2217 novi
647 2174 814 2217 stultius
844 2180 918 2217 aut
946 2174 1128 2231 imperiti
1157 2173 1350 2217 Rhetoris
1384 2174 1572 2224 ληκύθοις

147 2247 323 2290 similius
353 2262 481 2304 quam
513 2249 554 2303 ᾗῇ
586 2248 832 2292 106—109.
896 2248 959 2290 Ibi
984 2247 1214 2291 Andocides
1243 2248 1422 2305 probare
1446 2263 1570 2292 cona-

148 2330 222 2365 tur
236 2322 574 2374 Atheniensibus,
602 2325 792 2381 tyrannis
812 2325 968 2375 eiectis,
995 2323 1136 2366 decori
1160 2324 1303 2376 fuisse,
1332 2322 1444 2381 quod
1459 2322 1570 2372 ἔδοξε

149 2399 208 2448 μὴ
248 2401 587 2449 μνησικακῆσαι,
631 2404 756 2454 atque
795 2397 875 2440 hoc
915 2397 1082 2454 quidem
1114 2398 1322 2441 maiorum
1356 2395 1569 2452 exemplis.

149 2472 311 2515 Excitat
341 2471 426 2514 duo
457 2478 498 2513 et
523 2471 672 2523 refert,
719 2471 930 2528 quomodo
970 2489 1015 2515 se
1048 2473 1248 2531 gesserint
1279 2472 1570 2525 Athenienses,

190 2722 247 2764 142)
272 2725 306 2755 V.
328 2736 354 2757 c.
380 2725 451 2767 qu.
476 2735 517 2755 vs.
542 2726 619 2755 828.
657 2725 737 2756 Plut.
763 2737 804 2755 vs.
832 2727 886 2757 64.

190 2778 245 2824 143)
272 2779 344 2812 Vide
370 2782 409 2812 sis
435 2780 525 2812 Sluir.
558 2782 653 2813 Lectt.
669 2781 835 2815 Andocidd.
860 2793 890 2825 p.
918 2784 937 2813 3
964 2792 1025 2825 sqq.
