1774 3036
867 146 920 187 60

182 285 246 344 gis
276 285 480 327 rationem
512 283 635 326 fuisse
665 284 918 340 pronunciat
948 284 1210 342 Barthdlemy
1238 283 1336 342 Ι45).
1407 285 1486 329 Sed
1516 292 1600 328 tota

182 360 371 403 narratio
414 356 518 402 adeo
556 357 724 402 turbata
758 365 840 411 est,
889 366 938 403 ut
972 359 1144 403 omnino
1183 358 1363 418 intelligi
1405 368 1598 417 nequeat.

181 435 326 491 Neque
370 433 555 478 multum
594 433 865 477 tribuendum
906 449 1053 478 censeo
1082 435 1153 487 iis,
1193 449 1301 492 quae
1331 435 1518 478 Reiskiue
1549 435 1602 478 ad

181 509 296 552 hunc
321 508 463 552 locum
485 509 712 553 annotavit.
751 509 997 553 Accuratius
1021 509 1223 552 Sluite‘ms
1246 509 1348 567 egit;
1377 508 1449 552 sed
1473 523 1601 566 quam

180 584 378 640 proponit
416 584 700 627 coniecturam
730 599 771 641 p.
806 585 876 628 97.
918 583 1011 627 loco
1040 582 1286 640 explicando
1319 598 1405 626 non
1436 582 1599 626 sufficit.

180 656 263 700 Sed
303 659 390 715 ipse
420 657 627 702 Sluiterus
656 674 697 716 p.
734 659 830 701 149.
873 657 1063 701 concedit
1097 657 1239 701 locum
1270 673 1356 701 esse
1385 657 1600 701 turbatum

181 738 224 773 et
248 731 467 783 mutilum,
500 746 682 788 eumque
712 730 967 788 interpolare
997 737 1186 774 conatur.

241 805 443 847 Senatum
477 804 667 847 habitum
706 804 831 847 fuisse
870 804 1066 862 postridie
1101 805 1412 863 Mysteriorum,
1454 805 1602 848 verisi-

182 877 282 921 mile
311 877 358 920 fit
395 893 419 920 e
448 878 566 921 Dem.
598 877 693 921 Mid.
727 880 747 934 ᾗ
780 880 821 922 8.
894 879 1014 933 Quae
1053 894 1165 922 vero*
1184 879 1348 937 reliqua
1378 879 1604 923 traduntur

182 968 315 1010 usque
355 952 409 995 ad
439 954 458 1009 ᾖ
492 954 600 1006 116,
646 954 777 997 tutius
806 960 867 997 est
896 954 1108 1007 omittere,
1151 969 1278 1012 quam
1318 954 1443 997 dubia
1473 955 1602 998 inter-

182 1028 480 1086 terpretatione
510 1034 672 1072 tentare
697 1028 794 1088 ΜΗ3).
858 1029 1156 1086 Praeterquam
1187 1028 1300 1087 quod
1330 1029 1447 1073 locus
1471 1029 1603 1086 expli-

185 1105 273 1147 cari
302 1104 468 1160 nequit,
501 1103 720 1161 hucusque
751 1119 895 1147 omnes
930 1111 1224 1147 concesserunt
1253 1119 1352 1147 eum
1373 1120 1459 1147 esse
1484 1104 1606 1147 valde

184 1184 456 1235 corruptum3
504 1178 576 1221 sed
615 1187 766 1236 operae
807 1179 989 1236 pretium
1029 1185 1091 1222 est
1120 1184 1344 1232 annotare,
1387 1194 1484 1222 eum
1520 1193 1606 1221 esse

185 1259 403 1311 praeterea
448 1268 575 1310 supra
615 1268 743 1310 quam
782 1254 909 1310 possit
953 1252 1034 1296 dici
1078 1254 1278 1310 ineptum.
1356 1254 1484 1305 Nam,
1532 1252 1606 1295 etsi

186 1343 272 1370 non
303 1328 445 1370 omnia
475 1326 634 1384 liquido
668 1327 986 1386 intelliguntur,
1028 1327 1124 1370 satis
1153 1334 1293 1370 tamen
1323 1326 1375 1370 de
1405 1326 1607 1370 sententia

186 1404 230 1445 in
268 1402 514 1445 universum
554 1408 688 1459 potest
726 1401 914 1445 iudicari.
980 1401 1221 1445 Exscribam
1251 1403 1382 1460 igitur
1410 1402 1454 1444 in
1483 1401 1608 1444 huius

188 1477 250 1519 rei
263 1475 389 1519 fidem
411 1477 452 1532 ἕξ
483 1475 567 1519 113
594 1482 636 1519 et
663 1477 762 1519 114.
796 1476 981 1528 ’Έλεξαν
1013 1475 1095 1529 γὰρ
1127 1477 1161 1519 οἱ
1200 1476 1440 1529 κατήγοροι,
1474 1477 1508 1518 εἶ
1530 1476 1604 1527 μέ-

190 1552 368 1603 μνησθε,
390 1548 450 1593 ὅτι
475 1552 586 1593 αὐτώ
612 1568 667 1603 με
689 1552 744 1594 τὼ
766 1552 836 1593 θεὼ
863 1538 1163 1604 περιαγάγοιεν
1180 1549 1257 1595 ὥςε
1278 1551 1403 1594 θεῖναι
1423 1550 1497 1599 την
1521 1551 1604 1592 ἱκε-

188 1624 332 1678 τηρίαν
380 1625 439 1676 μη
478 1625 617 1668 εἰδότα
660 1625 728 1667 τὸν
770 1624 912 1676 νόμον,
961 1622 1027 1666 ἵνα
1067 1624 1117 1666 δῶ
1163 1623 1300 1673 δίκην,
1346 1624 1426 1675 ἐγὼ
1464 1623 1528 1671 δὲ,
1576 1620 1604 1664 ὦ

187 1699 353 1752 ἄνδρες,
403 1700 436 1741 εἷ
476 1700 528 1746 ὦς
565 1695 735 1751 adm-rix
778 1699 912 1748 οέληθῆ
956 1698 1148 1750 λέγουσιν
1181 1699 1215 1740 οἱ
1256 1698 1498 1751 κατήγοροι,
1537 1698 1606 1739 ὑπ’

188 1776 330 1816 αὐτοῖν
361 1773 436 1825 μὲν
462 1773 574 1828 φημὶ
607 1780 692 1816 τοῖν
724 1775 824 1817 θεοῖν
851 1774 1068 1816 σεσῶσθαι.
1102 1774 1136 1816 εἶ
1163 1772 1246 1826 γὰρ
1277 1771 1403 1822 ἔθηκα
1432 1772 1508 1824 μὲν
1532 1772 1605 1820 την

189 1847 422 1901 ἱκετηρίαν,
457 1848 670 1898 ὑπήκουσα
707 1848 748 1890 δὲ
776 1848 861 1899 μή,
894 1845 1001 1889 ἄλλο
1034 1863 1073 1889 τι
1112 1847 1134 1897 ἢ
1167 1846 1323 1904 αὐτὸῖς
1355 1846 1442 1898 μὲν
1479 1845 1608 1905 (Bake

191 1938 229 1965 v.
258 1922 311 1965 cl.
340 1922 514 1979 corrigit
543 1922 668 1968 αὐτὸς
695 1922 875 1972 ἐμαυτὸν
907 1928 948 1963 et
977 1936 1077 1963 mox
1107 1921 1186 1968 θεὶς
1218 1922 1291 1970 την
1310 1920 1434 1978 ἱκετ.)
1465 1920 1610 1962 οέπώλ-

190 2008 306 2044 λυον,
344 1996 515 2043 τιθεὶς
550 1996 624 2044 τὴν
655 1995 883 2048 ἱκετηρίαν,
923 1995 1130 2049 ἐσωζόμην
1160 1995 1201 2037 δὲ
1231 2001 1283 2049 τῇ
1315 1994 1427 2049 τύχη
1461 1995 1527 2037 δια
1561 1995 1607 2037 τὸ

191 2072 252 2123 μη
291 2071 546 2118 ὑπακοῦσαι,
591 2070 709 2118 δῆλον
748 2067 808 2112 ὅτι
850 2070 917 2113 δια
955 2071 1009 2112 τὼ
1044 2070 1143 2118 θεώ;
1183 2070 1216 2112 εἰ
1249 2068 1332 2122 γὰρ
1363 2069 1609 2121 ἐβουλέσθην

192 2163 248 2198 με
282 2145 519 2188 ἀπολλύναι
550 2145 605 2187 τὼ
644 2145 740 2192 θεὼ,
774 2145 899 2197 ἐχρῆν
932 2145 1058 2194 δήπου
1092 2144 1161 2187 καὶ
1197 2145 1255 2196 μη
1291 2144 1412 2187 θέντα
1444 2160 1499 2196 με
1536 2144 1609 2192 την

193 2220 400 2272 ἱκετηρίαν
431 2220 712 2271 ὁμολογῆσαι,
746 2220 847 2261 ἀλλ’
878 2218 958 2261 οὔθ’
988 2219 1225 2273 ὑπήκουσα,
1257 2220 1342 2262 οὔτ’
1372 2218 1511 2267 ἔθηκα.

256 2293 339 2336 Sed
383 2308 490 2349 quae
534 2294 671 2336 statim
717 2299 951 2350 sequuntur
995 2292 1178 2351 genuina
1226 2309 1313 2336 esse
1360 2292 1583 2335 concedam
1598 2325 1608 2343 ‚

195 2375 417 2426 postquam
457 2367 559 2409 mihi
598 2368 749 2424 aliquis
778 2367 1039 2410 tolerabilem
1064 2367 1209 2409 saltem
1240 2368 1486 2410 sententiam
1517 2366 1612 2409 inde

196 2442 417 2486 extuderit.
479 2441 665 2500 Requiro
695 2442 807 2487 enim
828 2442 1129 2486 accuratiorem
1151 2441 1431 2486 definitionem
1458 2441 1611 2486 utrius-

238 2638 293 2681 ι45)
318 2639 481 2671 Anachars.
505 2639 598 2683 Cbap.
625 2639 760 2670 vaul.
785 2639 869 2670 Tom.
898 2639 962 2670 Vll.
989 2650 1020 2681 p.
1046 2639 1122 2670 175.
1147 2638 1215 2680 Bip.
1245 2639 1342 2670 1791.

239 2693 295 2737 ¹4⁶)
321 2695 361 2725 De
386 2695 538 2726 Eleusinio
570 2695 610 2726 cf.
639 2694 732 2727 Palm.
761 2695 889 2727 Exercit.
913 2706 943 2739 p.
972 2696 1050 2726 658.
1094 2695 1190 2727 Meurs
1219 2695 1330 2728 Geram.
1355 2705 1386 2738 p.
1410 2697 1466 2728 42.
1501 2694 1621 2727 Scho'm.

191 2753 312 2795 Antiqq.
339 2762 369 2794 p.
394 2752 472 2783 216.
500 2753 533 2783 1.

1630 2795 1651 2807 q
