1774 3036
859 158 884 197 8

168 299 303 350 potest
333 300 381 335 ut
411 307 510 336 vera
539 293 694 347 tradat,
737 301 899 338 certum
930 302 991 339 est
1019 297 1201 339 minime.
1263 297 1346 339 Nos
1375 298 1579 354 quaestio-

166 382 265 410 nem
301 368 438 425 potius
470 368 530 411 sic
559 383 785 425 ponamus:
829 378 997 414 eruatur
1027 369 1247 413 Andocidi-3
1276 386 1404 413 annus
1432 372 1581 415 natalis

167 457 217 485 ew
247 443 496 487 indubitatae
519 444 626 502 fidei
656 445 927 502 scriptoribus.

222 516 346 559 Solus
376 517 526 560 diserte
556 520 784 562 memoriae
814 518 997 576 prodidit
1021 518 1243 562 Andocidis
1273 534 1432 563 annum
1462 527 1579 563 nata-

131 644 145 657 l*
164 589 247 634 lem
278 591 354 635 Ps.
386 592 637 635 Plutarchus
666 594 709 636 in
740 593 822 638 Vit.
855 594 908 636 X.
936 593 1070 636 Oratt.
1098 591 1144 636 ll.
1206 592 1282 636 Cui
1311 599 1451 636 tamen
1481 593 1581 637 fides

134 661 136 663 “
160 679 247 708 ιιοιι
282 665 475 709 habenda
505 673 588 719 est,
629 668 745 724 quia,
789 668 949 709 etiamsi
979 666 1045 709 vel
1077 668 1258 709 maxime
1286 668 1372 724 ipse
1408 666 1578 709 Plutar-

137 738 266 799 gehus
305 739 415 783 hanc
456 740 712 800 farraginem
749 742 1066 799 composuisset,
1114 741 1226 798 quod
1265 749 1405 785 tamen
1444 741 1493 784 A.
1527 740 1579 785 G.

135 812 138 865 *s
162 812 350 855 Beckero
376 814 548 857 minime
570 814 752 858 concedo
771 814 828 874 ¹⁴)
845 848 856 867 ‚
883 830 998 858 nunc
1017 821 1157 858 tamen
1178 815 1222 857 in
1247 830 1417 858 censum
1439 816 1581 859 venire

134 874 142 948 f
157 902 244 930 non
284 896 442 945 posset,
491 905 589 933 cum
620 890 844 933 Andocidis
874 890 1093 933 Orationes
1122 891 1165 934 in
1197 891 1320 934 crisin
1351 897 1578 942 vocantur,

139 959 257 1017 *quia
282 963 369 1020 ipse
399 965 447 1006 iis
478 965 575 1021 ipsis
602 965 870 1008 Orationibus
901 981 1000 1007 usus
1025 972 1097 1008 est.
1160 966 1267 1008 Dicit
1288 966 1399 1007 enim
1430 965 1474 1007 in
1498 964 1580 1007 fine

155 1037 286 1079 vitae:
321 1044 457 1087 Δηλοῖ
487 1039 522 1080 δ’
560 1039 577 1080 ὂ
619 1040 850 1089 Ἀνδοκίδης
880 1040 968 1092 περὶ
1010 1038 1174 1081 πάντων
1213 1040 1253 1081 ἐν
1284 1045 1369 1086 τοῖς
1408 1038 1578 1089 λόγοις,

132 1108 211 1158 ·οἷς
244 1111 564 1166 ἕξυγςγέγροιφεν.

212 1185 399 1228 Eandem
430 1186 669 1242 opinionem
701 1187 1049 1244 amplectebatur,
1096 1188 1141 1229 ni
1171 1186 1319 1238 fallor,
1361 1187 1579 1250 Diongsius

156 1259 555 1313 Halicarnassensis,
605 1262 758 1319 quippe
799 1263 872 1319 qui
912 1278 1019 1331 eum
1044 1261 1277 1325 aequalem
1278 1259 1425 1327 „tradit
1455 1259 1579 1303 fuisse

155 1320 429 1398 ΑῊῖᾗἩὸᾙιῖ,
431 1322 625 1401 ⁴Lysiae
659 1330 913 1392 Thucydldi
917 1326 997 1394 15)
1043 1336 1096 1376 Hi
1125 1335 1236 1376 enim
1266 1334 1353 1376 nati
1382 1339 1480 1375 sunt
1508 1332 1574 1375 Ol.

154 1403 319 1452 LXXV.
349 1409 413 1461 2.;
449 1407 517 1451 01.
545 1395 710 1453 LXXX.
735 1410 796 1462 3.;
832 1410 899 1453 01.
928 1410 1132 1454 LXXVII.
1162 1410 1201 1451 2.
1224 1408 1300 1465 ¹⁶).
1346 1406 1578 1451 Andocides

155 1489 297 1524 autem
327 1489 452 1524 natus
483 1498 569 1524 esse
601 1483 788 1525 creditur
818 1483 884 1526 01.
912 1484 1139 1528 LXXVIII.
1175 1483 1213 1524 1.

213 1555 323 1598 Eum
348 1570 449 1598 vero
475 1555 599 1600 fuisse
621 1557 836 1615 aliquanto
862 1557 1087 1608 iuniorem,
1111 1571 1164 1598 ex
1186 1554 1266 1598 hoc
1284 1554 1331 1597 fit
1350 1555 1571 1599 verisimile.

152 1630 279 1671 Pater
324 1631 429 1681 eim,
478 1632 705 1688 Leogoras,
754 1631 1051 1688 perstringitur
1095 1630 1147 1671 ab
1188 1629 1465 1684 Aristophane
1504 1628 1570 1671 01.

152 1704 377 1747 LXXXIX.
406 1706 428 1746 1
447 1712 487 1747 et
503 1708 543 1748 2.
568 1705 624 1763 ¹⁷)
641 1739 652 1757 ‚
687 1721 711 1747 a
741 1706 920 1748 Platone
950 1704 1017 1748 01.
1042 1705 1133 1747 XCI
1163 1704 1333 1746 ineunte
1356 1702 1437 1760 ¹8),
1471 1704 1572 1759 quin

125 1772 132 1840 ζ
150 1784 193 1819 et
209 1777 277 1819 01.
295 1779 419 1821 XCII.
436 1780 474 1821 1.
503 1779 555 1821 ab
571 1780 772 1835 Eupolide
797 1781 841 1822 in
867 1780 999 1822 altera
1024 1778 1221 1834 Autolyci
1242 1777 1479 1819 recensione
1495 1776 1568 1835 ¹⁹).

127 1842 218 1912 {OL
252 1853 376 1895 XCII.
414 1854 452 1896 1.
485 1852 719 1895 Andocides
749 1868 908 1895 annum
938 1854 1070 1910 egisse
1100 1852 1279 1894 traditur
1310 1851 1449 1903 56²¹¹==‚
1491 1867 1569 1909 pa-

127 1915 214 1967 >ter
236 1927 322 1984 egit
341 1927 473 1984 igitur
498 1927 719 1969 minimum
745 1941 904 1969 annum
931 1928 1073 1968 77¹¹¹¹²¹¹¹.
1123 1926 1245 1980 Quod
1267 1941 1393 1983 quam
1419 1941 1568 1983 parum

149 2001 373 2044 verisimile
410 2002 482 2052 sit,
531 2017 655 2045 nemo
696 2017 781 2045 non
813 2001 941 2053 videt,
986 2004 1059 2058 qui
1089 2017 1225 2045 mores
1256 2002 1466 2060 Leogorae
1498 2017 1565 2044 co-

146 2076 262 2132 gitat.

191 2247 232 2292 14)
257 2248 410 2281 Andokid.
435 2249 534 2280 ubers.
561 2261 592 2292 p.
622 2251 697 2280 111.
724 2250 826 2293 Neque
851 2250 943 2281 aliter
965 2251 1068 2283 Meier.
1095 2252 1126 2282 in
1144 2251 1254 2284 Comm.
1279 2252 1317 2284 lv
1337 2251 1373 2284 de
1397 2251 1472 2284 And.
1493 2251 1571 2283 Orat.

140 2318 165 2338 c.
190 2305 291 2337 Alcib.
316 2305 353 2337 ad
376 2318 467 2349 quam
492 2307 637 2337 lectorem
662 2305 771 2337 lubens
794 2305 914 2350 ablego.

186 2360 226 2403 15)
252 2363 341 2394 Dion.
368 2363 435 2394 Hal.
461 2362 496 2394 de
521 2362 615 2394 Thuc.
641 2373 673 2405 p.
700 2363 777 2394 941.
803 2362 909 2394 Reisk.

186 2418 225 2460 16)
253 2422 273 2451 Ε
296 2420 432 2452 Clintoni
457 2421 693 2463 computatione.

185 2475 227 2516 ¹7)
251 2477 343 2506 Arist.
369 2475 471 2507 Nubb.
502 2477 577 2507 109.
606 2476 712 2518 Vcspp.
742 2477 840 2507 1269.

184 2529 225 2573 18)
250 2530 322 2562 Cob.
350 2531 426 2562 Plat.
450 2531 531 2562 Com.
556 2531 626 2562 Rei.
655 2542 685 2573 p.
714 2532 790 2563 173.

183 2585 226 2630 19)
248 2588 330 2619 Huic
349 2598 428 2618 anno
451 2587 525 2619 haec
549 2587 657 2619 fabula
676 2589 846 2630 assignatur
867 2600 885 2619 a
905 2588 1037 2620 Meinek.
1060 2588 1137 2620 nist.
1162 2587 1234 2620 crit.
1254 2589 1366 2622 Comm.
1380 2590 1430 2622 Gr.
1444 2603 1475 2634 p.
1493 2594 1567 2624 118.

136 2645 262 2674 vaterus
281 2643 318 2676 11.
345 2655 376 2686 p.
398 2646 454 2675 28.
480 2645 651 2686 promittit,
677 2656 706 2675 se
731 2643 929 2687 probaturum
950 2644 1087 2676 fabulam
1107 2652 1203 2677 actam
1227 2647 1318 2677 fuisse
1339 2646 1520 2687 01.*xc111.
1534 2649 1567 2679 3.

132 2698 191 2731 Sed
214 2710 305 2743 quam
332 2699 445 2731 indicat
470 2699 658 2743 prodituram
684 2710 745 2731 esse
771 2702 1053 2734 commentationem
1077 2701 1113 2734 de
1138 2702 1346 2746 Xenophontis
1370 2704 1510 2736 convivio
1536 2705 1567 2735 in

127 2759 364 2789 Zimmermanni
389 2757 511 2796 mario,
538 2757 649 2789 frustra
673 2758 820 2801 quaesivi.
