1774 3036
870 173 924 214 10

95 336 112 343 -
184 311 367 364 docideS‚
415 311 487 355 sed
525 311 749 377 (RQ-9222.
782 312 947 356 Dracon
985 318 1028 355 et
1061 313 1208 356 tertius
1237 311 1407 370 quidam
1437 316 1594 362 κοιλεὺς

186 386 312 445 (nova
353 386 490 430 forma
528 402 606 445 pro
644 388 691 430 ἐκ
723 386 878 446 κοίλης)
890 371 925 440 ζ’
945 388 1064 431 cuius
1101 403 1255 431 nomen
1287 389 1387 432 exiit
1414 389 1459 432 in
1489 389 1594 440 ένης.

178 461 351 505 Frustra
389 478 544 506 nomen
589 463 784 520 supplere
827 464 996 507 tentavi.
1065 464 1236 505 Praeter
1279 463 1512 507 Archinum
1556 471 1599 508 et

178 536 395 592 Leptinem
426 537 636 580 neminem
666 537 765 580 novi
800 552 852 580 ex
881 536 963 580 hoc
992 553 1113 596 pago,
1176 537 1282 580 Satis
1310 537 1416 580 bene
1445 553 1597 582 conve—

179 610 290 652 niret
319 625 475 652 nomen
506 610 815 663 Demosthenis,
847 611 1093 654 Alcisthenis
1122 618 1197 654 aut
1224 611 1454 669 Antigenis.
1517 613 1599 656 Sed

178 682 476 726 Demosthenes
521 690 563 727 et
590 683 847 727 Alcisthenes
885 683 1003 727 fuere
1032 685 1208 739 οὶφιδνῆς
1238 684 1319 744 ²¹),
1372 685 1598 743 Antigenes

177 757 457 812 οξνοογυροὶο-ιος
482 758 559 817 ²2).

237 834 399 875 Nomen
442 833 573 890 igitur
612 831 834 876 Andocidis
879 832 992 890 apud
1026 832 1310 891 Thucydidem
1352 841 1598 892 corruptum

177 913 257 950 est:
297 922 485 951 errorem
515 922 601 950 non
632 906 756 951 fuisse
785 907 913 965 ipsius
941 907 1193 965 Thucydidis
1221 895 1434 952 ostendam
1465 911 1599 967 capite

178 982 381 1037 sequenti.

234 1054 318 1098 Sed
357 1055 531 1112 prodeat
565 1054 734 1099 tandem
778 1057 833 1108 is,
882 1057 955 1113 qui
995 1062 1107 1100 certa
1145 1071 1223 1099 nos
1252 1055 1401 1099 docere
1431 1057 1595 1114 poterit.

177 1129 441 1172 Androtionis
471 1130 756 1188 fragmentum
774 1130 833 1189 23)
868 1138 1080 1173 servatum
1110 1138 1171 1173 est
1190 1131 1291 1174 hoc:
1325 1136 1402 1173 τῶν
1438 1132 1464 1173 ι’
1499 1147 1596 1185 epoc-

176 1207 313 1256 τηγῶν
348 1204 405 1247 ’τοὶ
439 1203 627 1258 ὀνόματα
664 1206 760 1248 κατ’
798 1205 1081 1260 Ἀνδροτίωνα·
1129 1204 1352 1259 Σωκράτης
1384 1204 1596 1260 οὲνοιγυροὶ-

177 1294 284 1327 σιος,
326 1283 547 1333 Σοφοκλῆς
587 1281 633 1321 ἐκ
670 1283 844 1322 κολωνοῦ
884 1280 901 1321 ὂ
935 1281 1125 1335 ποιητὴς,
1157 1280 1390 1342 Ἀνδοκίδης
1424 1281 1595 1330 κυδοιθη-

176 1353 337 1401 νοιιεὺς,
371 1353 503 1407 Κρέων
532 1353 848 1406 σκαμβωνίδης,
882 1358 1085 1407 Περικλῆς
1106 1354 1368 1407 χολαργεὺς,
1396 1354 1594 1396 Γλαύκων

175 1428 221 1468 ἐκ
260 1426 490 1480 κεραμέων,
536 1427 826 1480 Καλλίςροιτος
872 1428 1104 1480 οὶχοιρνεὺς,
1155 1431 1337 1480 Ξενοφῶν
1380 1427 1591 1478 μελιτεύς.

175 1502 309 1544 Locus
362 1501 537 1545 mutilus
581 1509 663 1554 est,
717 1517 816 1545 nam
857 1509 951 1545 octo
997 1508 1160 1545 tantum
1206 1508 1417 1559 praetores
1460 1502 1594 1544 nomi-

178 1582 348 1620 nantur.
422 1576 606 1619 Pertinet
644 1583 785 1619 autem
822 1575 875 1618 ad
909 1575 1070 1619 bellum
1109 1576 1314 1627 Samium,
1348 1574 1460 1632 quod
1498 1590 1594 1632 pro-

149 1599 369 1695 lbabiliter
393 1651 628 1709 assignatur
665 1650 732 1695 Ol.
750 1651 953 1695 LXXXV.
979 1652 1018 1694 1.
1067 1649 1148 1692 Sed
1177 1650 1452 1705 requiruntur
1475 1664 1594 1705 prae-

150 1710 292 1806 lterea
337 1724 422 1768 duo
468 1732 702 1783 praetores,
757 1741 860 1783 quos
913 1724 1035 1768 nullo
1078 1724 1247 1783 negotio
1296 1722 1591 1782 supplebimus.

152 1801 338 1851 {Dicitur
368 1801 480 1844 enim
504 1800 640 1843 Nicias
668 1800 794 1843 simul
824 1816 922 1843 cum
948 1799 1153 1864 Sophocle
1172 1798 1498 1859 Ρζᾳςῄρέᾞξυιρξκεε
1514 1797 1591 1855 ²⁴).

176 1876 479 1921 Verosimiliter
515 1862 903 1928 fuit—*gysssssssb'do'sstbss
922 1859 1009 1932 533.
1080 1872 1200 1916 Alter
1229 1880 1289 1916 est
1318 1871 1590 1930 Thucydides.

151 1942 334 2001 {Auctor
368 1951 480 1993 enim
521 1951 630 1992 vitae
669 1948 883 2006 Sophoclis
922 1948 1020 1991 dicit
1059 1963 1156 1990 eum
1202 1947 1434 2000 ςροιτηγίοες
1470 1946 1591 1997 ἀξιω-

150 2003 289 2087 ξθῆνοιι
330 2023 402 2066 σὺν
440 2028 636 2076 Περικλεῖ
673 2022 742 2065 καὶ
783 2021 1019 2076 Θουκυδίδῃ.
1068 2020 1245 2067 Videtur
1275 2020 1399 2064 fuisse
1427 2020 1592 2064 οὶλωπε-

152 2088 294 2146 ξκῆθεν
312 2097 384 2155 ²⁶).
449 2098 705 2138 Memoratur
734 2111 759 2138 a
788 2096 1029 2154 Thucydide
1060 2097 1092 2137 Ι.
1129 2097 1227 2137 117.

151 1696 157 1710 Ι,

213 2274 255 2321 ²1)
280 2275 417 2321 Rangab.
443 2278 565 2323 Antiqq.
590 2277 671 2310 Hell.
697 2288 729 2321 p.
757 2277 832 2309 176.

214 2331 256 2377 ²²)
279 2333 375 2366 Thuc.
398 2336 438 2367 11.
464 2337 521 2367 23.
547 2336 618 2367 coll.
643 2335 836 2367 Androtionis
860 2335 1050 2377 fragmento,
1072 2333 1153 2377 quod
1179 2345 1248 2365 mox
1273 2333 1415 2366 laudabo.

214 2387 256 2432 ²5)
280 2389 372 2432 Apud
393 2389 496 2421 schol.
515 2390 637 2436 Aristid.
656 2403 689 2444 p.
711 2392 790 2422 485.
812 2392 868 2422 28.
890 2389 980 2422 Dind.
1004 2390 1076 2421 scio
1098 2390 1221 2439 guidem
1244 2390 1419 2422 dubitatum
1443 2390 1537 2421 fuisse
1560 2388 1597 2420 de

132 2429 228 2508 {lpide
254 2436 532 2495 Anffihffcss
554 2448 623 2493 ¹Ael.
643 2433 1402 2496 Vass‘ffiff‘fffffmflf‘Pa—ursluvffhusedwh'oc
1427 2446 1515 2478 ssocci
1537 2458 1595 2478 non

130 2497 259 2547 {gracia
292 2492 493 2506 Qmsswffl„
516 2491 593 2500 ,...„„,
653 2493 655 2495 .
966 2496 968 2498 ,
1008 2491 1015 2496 .
1195 2488 1276 2501 »μὴ

214 2557 256 2603 24)
283 2559 363 2592 Plut.
388 2560 456 2593 Nic.
484 2561 536 2593 15.

215 2614 256 2659 ²5)
282 2617 367 2648 Dem.
391 2616 464 2648 Mid.
485 2617 501 2659 ᾗ
517 2619 592 2650 168.
615 2616 670 2648 ubi
687 2618 875 2661 νικὴρατος
894 2616 1128 2662 ἀχερδοὺσιος
1147 2623 1177 2647 et
1196 2616 1232 2647 de
1255 2627 1290 2646 eo
1310 2616 1376 2647 loco
1389 2614 1458 2647 coh.
1474 2616 1594 2665 Prosop.

168 2673 249 2704 Xen.
272 2685 303 2716 p.
328 2675 383 2705 43.

217 2726 259 2773 ²5)
284 2729 366 2761 Plus.
393 2729 504 2762 Pericl.
532 2733 585 2762 11.
616 2730 719 2763 schol.
743 2731 834 2763 Arist.
859 2731 967 2774 Vespp.
994 2741 1035 2761 vs.
1062 2730 1141 2761 947.
1188 2730 1254 2761 Huc
1276 2741 1335 2761 non
1360 2729 1525 2762 trahendus
1550 2735 1593 2759 est

172 2785 308 2819 Marcell.
340 2785 377 2818 de
402 2788 461 2820 Vit.
485 2786 580 2820 Thuc.
614 2788 707 2831 §28
744 2788 917 2832 τέταρτος
949 2786 1055 2825 ἄλλος
1089 2785 1320 2831 Θουκυδίδης
1351 2785 1501 2830 ποιητὴς
1524 2783 1594 2818 τῶν
