1774 3036
585 903 1107 957 INTRODUCTIO.

193 1349 439 1406 Priusquam
484 1350 620 1405 ipsum
659 1349 784 1391 huius
828 1348 1019 1405 opusculi
1056 1353 1353 1405 argumentum
1393 1362 1543 1404 aggre-

131 1423 240 1475 dior,
273 1425 414 1481 paucis
443 1423 735 1480 explicandum
766 1422 947 1474 videtur,
982 1422 1054 1478 qui
1084 1422 1241 1464 factum
1266 1423 1338 1473 sit,
1372 1428 1420 1464 ut
1449 1422 1542 1464 An-

131 1496 318 1540 docidem
363 1497 619 1554 potissimum
654 1495 919 1539 tractandum
956 1496 1058 1538 mihi
1091 1511 1313 1538 sumerem.
1377 1495 1544 1538 Scilicet

130 1587 299 1624 vereor,
342 1587 395 1614 ne
424 1587 626 1630 arrogans
654 1571 832 1623 habear,
871 1570 984 1627 quod
1013 1570 1226 1628 disputare
1258 1570 1543 1612 constituerim

129 1645 181 1687 de
211 1646 541 1701 quaestionibus,
589 1661 696 1703 quae
732 1645 784 1688 ob
819 1651 1189 1688 monumentorum
1219 1645 1463 1701 penuriam,
1512 1645 1545 1687 si

130 1732 236 1776 quae
276 1720 403 1773 aliae,
449 1721 664 1763 intricatae
704 1727 745 1762 et
780 1719 966 1762 difficiles
1007 1718 1259 1761 videbuntur
1297 1735 1396 1763 esse.
1462 1719 1543 1762 Sed

131 1793 299 1836 fortuna
329 1793 445 1846 fecit,
479 1800 527 1835 ut
550 1793 765 1836 inciderim
795 1794 839 1835 in
869 1808 939 1844 ea,
973 1807 1102 1849 quae,
1135 1791 1449 1835 difficultatibus
1474 1808 1541 1836 co-

130 1868 254 1925 gnitis
268 1900 279 1919 ,
311 1883 542 1925 numquam
574 1868 790 1910 elaborare
821 1882 946 1910 ausus
976 1866 1159 1909 fuissem.

188 1942 409 1985 Biennium
455 1941 540 1984 fere
585 1948 666 1993 est,
715 1957 767 1984 ex
806 1957 890 1998 quo
933 1941 1087 1998 prodiit
1131 1956 1171 1984 A.
1206 1955 1415 1993 HECKERI,
1463 1943 1543 1984 viri

129 2015 371 2067 doctissimi,
404 2015 645 2072 disputatio:
679 2018 729 2058 de
758 2015 950 2059 Oratione
975 2017 1018 2058 in
1041 2015 1353 2059 Eratosthenem
1382 2017 1542 2074 Trdqin-

130 2089 300 2131 tavirum
344 2088 489 2147 Lysiae
522 2090 636 2148 falso
672 2091 822 2133 tributa
850 2090 903 2148 1).
965 2091 1015 2133 In
1054 2106 1138 2148 qua
1178 2106 1275 2134 cum
1313 2090 1395 2134 alia
1425 2092 1543 2150 inge-

128 2164 242 2206 niose
285 2163 491 2221 disputata
534 2165 804 2217 videbantur,
851 2173 943 2209 tum
981 2166 1060 2208 hoc
1103 2167 1283 2208 maxime
1328 2166 1513 2208 mirabar
1529 2200 1539 2217 ,

129 2237 240 2294 quod
279 2237 331 2280 ad
371 2238 527 2282 calcem
563 2240 776 2283 Heckerus
805 2239 978 2283 addidit:
1028 2274 1050 2294 „
1065 2239 1368 2296 Antiphonteae
1398 2255 1542 2283 omnes

127 2319 169 2354 et
197 2328 340 2355 omnes
369 2314 526 2369 pariter
554 2314 817 2358 Andocideae
846 2316 1011 2372 spuriae
1040 2315 1182 2358 sunt.''
1234 2318 1394 2358 Recens
1425 2331 1540 2358 eram

127 2386 179 2429 ab
208 2387 424 2445 utriusque
449 2387 645 2442 lectione,
677 2404 756 2433 nec
780 2389 962 2433 multum
990 2390 1189 2433 curabam
1215 2389 1536 2447 Antiphontem,

127 2462 197 2516 qui
241 2462 344 2505 mihi
392 2462 573 2505 taedium
619 2469 660 2506 et
703 2463 912 2507 fastidium
963 2472 1145 2517 crearat3
1172 2516 1174 2518 v
1203 2464 1273 2507 sed
1318 2463 1540 2506 Andocidis

164 2658 188 2703 ¹)
213 2659 407 2694 Adversarius
425 2663 499 2695 huic
518 2666 655 2708 opinioni
681 2666 796 2697 exstitit
822 2674 852 2696 n.
876 2674 1093 2698 nnicnssssnzm
1122 2677 1148 2696 v.
1170 2665 1209 2696 cl.
1234 2667 1265 2697 in
1293 2667 1498 2707 Zeitschrtst
1511 2669 1544 2707 f.

117 2717 147 2748 d.
183 2718 643 2763 Alterthumswissemchaft,
679 2723 777 2754 1849.
813 2722 870 2754 ΝΟ.
895 2724 938 2754 44
967 2730 997 2755 et
1024 2725 1078 2755 45.
1135 2722 1190 2754 cui
1216 2735 1285 2754 sane
1317 2722 1543 2755 concedendum

116 2781 177 2816 est,
200 2774 296 2806 multa
321 2777 490 2808 accuratius
512 2778 721 2823 investiganda
747 2790 898 2811 remanere
926 2780 957 2811 in
985 2788 1116 2811 uncum
1142 2780 1408 2812 commentatione.

1278 2842 1298 2881 1
