1774 3036
858 169 910 212 65

237 312 484 369 Sequentem
524 313 544 367 §
586 310 636 354 de
676 308 891 369 Agyrrhio
916 306 1038 368 ¹⁶¹),⁴
1064 309 1184 355 (locta
1222 308 1495 369 explicatione
1530 311 1586 354 ita

177 387 340 430 ornavit
353 385 507 430 Bockh.
530 384 630 444 ¹⁶2),
651 391 699 428 ut
722 383 828 427 nihil
852 384 938 428 fere
962 383 1200 429 addendum
1229 384 1419 429 habeam.
1448 384 1586 442 Agyr-

176 460 290 505 rhius
318 460 471 505 dicitur
499 460 686 515 ἆρχώνης
712 457 904 511 γενέσθαι
930 463 1005 508 τῆς
1032 463 1290 508 πεντακοςῆς
1318 459 1452 512 τρίτον
1476 457 1585 506 ἔτος;

175 536 304 595 igitur
346 534 415 579 01.
452 534 597 579 XCIV.
638 533 688 585 3;
730 539 774 576 et
817 531 1048 577 Andocides
1091 532 1159 577 01.
1205 533 1348 578 XCIV.
1385 535 1435 585 4,
1485 532 1589 576 ulti-

176 625 245 653 mo
275 608 466 653 videlieet
494 614 591 652 ante
620 606 939 652 accusationem.
1006 607 1136 650 Recte
1164 606 1319 651 Bockh.
1351 606 1422 650 alii
1450 608 1587 651 eiece-

174 690 275 727 runt
299 683 492 741 putidum
516 681 744 741 glossema,
776 683 827 729 ὡς
854 684 1012 725 πολλοῦ
1043 679 1171 733 ἄξιον.
1234 680 1360 735 Quod
1387 696 1488 724 vero
1517 681 1589 725 ille

174 758 341 803 coniicit
378 756 646 812 κερδάναιντες
690 757 732 801 δὲ
769 754 816 809 ἓξ
859 756 1075 806 τάλαντα,
1119 755 1171 800 de
1209 771 1260 800 eo
1299 762 1434 815 potest
1461 755 1588 800 dubi-

174 833 254 877 tari
278 832 376 891 ¹⁶³).
437 833 600 877 Etenim
623 831 781 876 reditus
809 846 1063 889 unoquoque
1088 846 1200 875 anno
1228 846 1315 875 non
1338 838 1429 875 erat
1452 830 1584 884 idem;

176 908 278 965 quin
299 914 342 952 et
360 906 475 952 credi
494 913 658 965 poterat
677 906 859 951 multum
884 913 1057 950 auctum
1077 906 1152 959 iri,
1176 920 1308 963 quum
1328 907 1372 950 in
1397 906 1483 950 dies
1498 921 1587 950 ma-

174 984 237 1041 gis
265 982 455 1027 Athenae
485 983 539 1026 ad
561 982 908 1040 tranquillitatem
938 981 1135 1024 redirent.

233 1057 353 1112 Quae
391 1055 624 1101 Andocides
662 1056 763 1100 dicit
791 1058 811 1113 §
845 1055 951 1108 1363
990 1055 1158 1099 turbata
1198 1060 1297 1098 sunt
1326 1062 1368 1098 et
1401 1056 1591 1113 imperite

173 1131 295 1175 dicta.
357 1132 515 1176 Partim
543 1132 751 1175 iterantur
780 1133 799 1187 §
829 1131 912 1174 149
940 1130 1039 1189 ¹⁸⁴).

231 1206 377 1264 Neque
415 1205 551 1264 magis
587 1204 725 1263 placet
764 1207 784 1262 §
817 1205 922 1257 1373
960 1205 1031 1248 vix
1068 1205 1181 1249 enim
1217 1204 1317 1248 mihi
1347 1204 1589 1262 persuaderi

172 1280 328 1337 patiar,
375 1266 646 1322 Athenienses
683 1286 786 1322 tunc
818 1278 1017 1335 temporis
1051 1278 1153 1322 talia
1192 1279 1279 1322 sine
1318 1279 1405 1322 risu
1444 1279 1590 1323 audire

172 1353 367 1412 potuisse.
427 1353 480 1396 Et
499 1358 640 1397 tamen
668 1352 760 1396 fieri
787 1359 923 1410 potest
951 1360 999 1396 ut
1027 1353 1203 1398 iniustus
1233 1353 1311 1397 sim
1341 1367 1443 1412 erga
1472 1353 1585 1397 Ora-

171 1436 328 1472 torem:
362 1430 382 1484 §
415 1427 500 1471 139
531 1428 643 1471 enim
670 1434 760 1471 arte
788 1443 875 1471 non
906 1434 1031 1471 caret.
1118 1425 1126 1433 ⁸

229 1502 409 1562 Attingit
450 1500 684 1546 Andocides
726 1503 747 1559 ᾗ
790 1502 1022 1547 141-143
1063 1503 1271 1547 maiorum
1315 1518 1383 1547 res
1421 1510 1557 1564 gestas
1574 1540 1584 1558 ,

171 1592 274 1635 quas
311 1592 438 1620 nemo
467 1578 622 1622 Vatero
657 1577 807 1620 melius
841 1578 1056 1621 tractavit:
1098 1591 1249 1621 verum
1278 1582 1589 1636 argumentatio

171 1649 393 1696 Andocidis
423 1650 563 1708 inepta
596 1658 658 1694 est
686 1657 729 1695 et
757 1650 900 1695 schola
930 1651 1139 1695 rhetorica
1166 1651 1384 1711 perdigna.
1462 1654 1586 1708 Quod

169 1725 303 1784 magis
340 1725 465 1767 etiam
504 1723 575 1767 fiet
608 1725 897 1782 perspicuum,
939 1725 973 1768 si
1002 1725 1096 1781 quis
1124 1723 1226 1768 mihi
1257 1725 1435 1770 consulit
1471 1730 1583 1782 περί-

166 1803 321 1855 φρασιν
350 1799 630 1844 Reiskianam.
960 1797 964 1801 ’

227 1876 337 1919 Leve
370 1882 432 1919 est
467 1875 579 1932 quod
608 1882 844 1919 correctum
881 1875 1007 1918 velim
1044 1877 1065 1930 ᾗ
1099 1876 1206 1918 144;
1249 1875 1406 1933 legitur
1434 1878 1584 1921 ἔπειτα

168 1950 209 1992 δὲ
243 1949 313 1992 καὶ
347 1949 437 2000 βίον
468 1949 734 2001 εἰργασάμην
768 1950 814 1992 ἐκ
843 1952 915 1992 τοῦ
946 1949 1101 1992 δικαίου
1128 1955 1181 2004 τῇ
1215 1940 1359 2005 γνώμῃ
1389 1952 1459 1994 καὶ
1486 1959 1583 1997 ταῖν

166 2029 304 2078 χεροῖν
331 2029 427 2067 ταῖν
458 2025 656 2075 ἐμαυτοῦ.
705 2023 815 2081 Lege
845 2038 942 2066 cum
972 2022 1071 2066 Cod.
1091 2029 1146 2066 Z:
1180 2024 1248 2067 τὸν
1275 2024 1365 2076 βίον
1389 2027 1577 2080 &ipram-,3

166 2105 258 2142 tum
296 2099 467 2142 restitue
506 2098 734 2158 genuinam
773 2098 953 2142 Atticam
984 2097 1164 2142 formam
1203 2105 1288 2143 τοῖν
1324 2107 1462 2155 χεροῖν
1493 2110 1578 2147 τοῖν

167 2174 233 2225 ἐμ.
283 2173 414 2216 Porro
440 2187 606 2225 vereor,
632 2178 680 2216 ut
703 2173 918 2230 sequentia
941 2172 1046 2217 bene
1070 2173 1318 2233 iungantur;
1347 2183 1459 2220 recte
1484 2193 1576 2222 cor-

166 2255 327 2293 rectum
357 2254 419 2292 est
447 2249 696 2301 γεγένηντικι
728 2264 807 2307 pro
836 2248 1076 2300 γεγένηται.

226 2326 246 2379 §
280 2323 377 2367 146.
424 2324 485 2366 De
516 2323 770 2380 Cleophonte
801 2324 958 2368 iuvabit
989 2325 1209 2372 contulisse
1239 2328 1328 2373 Mei.
1362 2329 1413 2372 de
1442 2330 1574 2376 Bonn.

166 2398 313 2443 Damn.
345 2414 385 2457 p.
421 2399 518 2442 218.
552 2413 593 2442 n.
629 2400 728 2442 211.

204 2611 258 2655 161)
281 2612 328 2645 Cf.
349 2611 387 2644 de
411 2625 446 2646 eo
467 2614 587 2649 Scho'm.
610 2615 647 2648 de
671 2616 780 2649 comm.
806 2628 837 2661 p.
865 2620 918 2650 65.

204 2666 259 2712 15²)
283 2668 397 2702 Beckh.
420 2672 490 2703 Oec.
515 2673 574 2703 civ.
600 2674 625 2705 1.
647 2684 678 2715 p.
703 2674 770 2705 338
791 2685 854 2717 sqq.

201 2724 257 2769 163)
281 2727 398 2758 Mecum
417 2728 509 2759 sentit
532 2727 613 2759 Bake
636 2740 663 2760 v.
687 2730 727 2762 cl.
754 2731 786 2762 in
810 2730 923 2764 Scholl.
949 2733 1048 2776 Hypp.

203 2781 258 2826 ¹⁶4)
282 2781 364 2816 Vidn
389 2782 445 2815 hoc
467 2784 527 2816 iam
551 2785 654 2817 Reisk.
678 2785 715 2817 ad
737 2787 753 2828 ᾗ
779 2788 853 2819 149.
