1774 3036
49 2703 91 2732 ab

870 133 925 177 64

182 274 334 318 timum
371 270 624 317 vocabulum
674 273 814 320 αὐτοῖς
853 272 1180 332 expungendum
1221 273 1386 318 videtur
1423 281 1495 319 aut
1521 275 1601 319 sal·

183 357 268 392 tem
300 349 477 393 otiosum
508 354 582 392 est.

242 425 337 466 Mox
361 423 571 479 sequitur:
605 428 859 475 λειτουργεῖν
888 420 998 466 οὖτοί
1025 423 1114 482 [με]
1138 424 1472 480 προύβάλλοντο,
1499 430 1604 478 πρῶ-

181 513 261 540 τον.
298 497 374 549 μὲν
417 496 737 551 γυμνασίαρχον
769 498 1051 553 ‘neusa-sim,
1095 497 1227 541 ἔπειτ’
1263 499 1506 553 οἶρχιθεωρὸν
1545 500 1602 547 εἷς

181 572 342 624 Ἰσθμὸν
374 571 444 614 καὶ
475 572 769 629 Ὀλυμπίαζε,
801 570 896 616 εἶτα
918 573 961 616 δὲ
991 572 1151 625 ταμίαν
1173 574 1214 616 ἐν
1240 573 1358 616 πόλει
1389 578 1468 615 τῶν
1493 574 1604 627 ἱερῶν

179 645 427 698 χρημάτων.
490 647 551 710 De
580 646 662 690 hoc
691 646 785 691 1000
808 647 963 691 Bockh.
996 646 1076 706 ι54)
1108 647 1319 691 contendit
1347 646 1604 690 Andocidem

181 721 321 764 minus
350 728 546 764 accurate
576 721 701 764 fuisse
727 720 916 764 locutum
938 736 1037 765 cum
1066 721 1227 774 ταμίας
1258 726 1336 765 τῶν
1364 723 1474 775 ἱερῶν
1500 736 1604 775 χρη-

178 793 324 847 μάτων
368 811 455 839 11011
496 797 787 850 ἕχειροτονεῖτο
828 812 966 855 neque
1009 797 1141 856 igitur
1176 796 1470 851 προύβάλλετο
1504 794 1603 854 155).

180 871 341 915 Verum
371 877 414 913 et
442 870 525 913 alia
549 871 786 914 accuratius
810 870 1050 930 indaganda
1077 877 1186 915 sunt.
1249 870 1537 929 Thrasybulus
1561 871 1604 912 in

179 943 330 987 urbem
355 942 478 987 rediit
498 942 538 988 d.
562 945 657 988 XII.
681 959 738 987 m.
765 943 986 988 Boedrom.
1014 944 1082 989 01.
1100 945 1243 990 XCIV.
1260 946 1300 988 2.
1322 943 1422 1003 ¹⁵⁸).
1456 943 1605 987 Paullo

178 1024 272 1074 post
309 1018 387 1061 sub
427 1017 608 1061 hiemem
653 1018 886 1062 Andocides
924 1018 1108 1061 Athenas
1143 1018 1288 1071 rediit,
1331 1025 1380 1061 ut
1408 1025 1523 1076 patet
1552 1034 1606 1061 ex

179 1093 199 1146 ᾗ
229 1090 328 1134 137.
391 1089 550 1134 Eodem
578 1104 691 1133 anno
721 1090 1043 1145 γυμνασίαρχος
1070 1091 1173 1145 fuit,
1206 1091 1463 1150 Hephaestea
1492 1094 1604 1137 enim

178 1164 501 1208 celebrabantur
529 1164 801 1222 probabiliter
832 1165 909 1209 sub
938 1165 1064 1209 finem
1098 1167 1199 1209 anni
1221 1166 1327 1225 ¹⁵⁷).
1386 1167 1511 1210 Anno
1540 1183 1603 1211 se-

176 1240 344 1297 quenti,
392 1239 478 1283 scil.
526 1239 596 1284 Ol.
628 1240 773 1286 XCIV.
815 1239 857 1284 3.
905 1239 986 1284 fuit
1023 1241 1268 1295 ἆρχιθεωρὸς
1314 1242 1370 1290 εἷς
1413 1242 1600 1294 Ἰσθμὸνς

175 1315 349 1358 Isthmia
379 1315 490 1357 enim
520 1315 666 1371 primis
696 1321 737 1357 et
767 1315 898 1358 tertiis
928 1315 1227 1372 Olympiadum
1263 1316 1382 1358 annis
1413 1316 1602 1373 ageban-

175 1396 248 1433 tur
276 1388 375 1447 ¹⁵¹³).
437 1388 661 1432 Interiecto
691 1403 792 1432 vero
823 1403 910 1432 uno
940 1403 1075 1441 anno,
1109 1388 1175 1432 Ol.
1193 1388 1316 1434 XCV.
1338 1389 1376 1433 1.
1402 1390 1602 1444 ἀρχιθεω-

175 1464 239 1518 ρός
272 1464 352 1507 fuit
376 1463 647 1518 Ὀλυμπίαζε
669 1479 811 1506 mense
835 1463 1212 1517 Hecatombaeone3
1240 1470 1332 1507 acta
1357 1471 1454 1507 sunt
1476 1464 1600 1508 Eleu-

177 1540 283 1584 sinia
311 1554 455 1582 mense
489 1536 806 1582 Boedromione.
867 1539 963 1581 Mox
992 1544 1133 1581 autem
1164 1553 1289 1582 causa
1319 1537 1370 1582 de
1399 1538 1602 1597 Mysteriis

177 1614 290 1657 dicta
319 1620 381 1656 est
410 1613 463 1655 ob
493 1614 593 1668 §32
623 1611 732 1670 159);
774 1603 996 1670 finguntur
1025 1613 1137 1655 enim
1168 1613 1225 1655 ibi
1254 1613 1434 1670 hospites
1462 1612 1600 1656 adhuc

175 1687 317 1732 adesse
340 1686 634 1745 Mysteriorum
662 1701 800 1730 causa.

234 1764 347 1806 Haec
378 1763 524 1805 Oratio
553 1768 698 1804 nostra
727 1762 946 1820 efflagitat:
980 1778 1130 1806 verum
1161 1769 1349 1819 superest
1378 1762 1600 1805 difficultas

177 1837 402 1895 quaedam3
452 1836 573 1879 sicuti
614 1835 690 1879 has
733 1836 995 1889 λειτουργίας
1037 1836 1319 1890 definivimus,
1366 1835 1599 1880 Andocides

175 1918 355 1966 χορηγεῖ
382 1926 460 1969 per
488 1910 593 1953 duos
624 1925 757 1953 annos
777 1911 1018 1954 continuos.
1087 1912 1219 1954 Nemo
1249 1918 1390 1954 autem
1418 1921 1598 1964 λειτουρ-

148 1993 266 2039 [γεῖν
307 1985 537 2044 cogebatur
575 1985 655 2028 nisi
684 1984 772 2032 ἔτος
805 1985 1004 2029 διαλιπών
1033 1984 1133 2044 1⁶⁰).
1207 1985 1365 2040 Quodsi
1393 2001 1494 2028 vero
1522 1984 1597 2028 has

148 2041 437 2112 ὶλειτονργίας
470 2063 616 2115 sponte
641 2058 887 2114 susceperit,
920 2073 1006 2101 non
1032 2058 1174 2112 video,
1208 2059 1352 2116 quidni
1381 2058 1460 2103 hoc
1488 2058 1595 2102 iudi-

175 2134 291 2177 cibus
321 2134 366 2176 in
397 2132 644 2176 memoriam
675 2132 947 2175 revocaverit.

213 2285 269 2332 ¹⁵4)
293 2288 362 2321 oec.
389 2290 448 2321 civ.
475 2289 500 2320 1.
524 2299 556 2331 p.
585 2290 661 2321 174.

211 2343 269 2389 155)
293 2346 358 2377 Hoc
378 2343 453 2389 quid
473 2346 533 2385 sit,
556 2344 626 2377 vide
650 2357 700 2389 ap.
723 2344 844 2377 Scho'm.
871 2343 908 2376 de
933 2345 1045 2377 comm.
1071 2356 1103 2388 p.
1128 2346 1208 2377 328.

212 2400 269 2445 156)
293 2401 375 2434 Plut.
399 2400 436 2433 de
460 2400 510 2432 Gl.
534 2400 645 2434 Athen.
667 2412 695 2433 c.
718 2403 749 2434 7.

212 2457 269 2502 ¹57)
291 2457 383 2490 Clint.
408 2457 440 2487 F.
464 2457 504 2489 H.
528 2456 570 2488 11.
592 2468 623 2500 p.
645 2457 725 2489 335.

211 2514 268 2559 158)
291 2516 371 2548 (ἔοι-ε.
394 2515 472 2546 Diss.
494 2514 612 2559 Agonn.
639 2526 672 2558 p.
695 2515 752 2546 85.

210 2571 267 2617 ¹5⁹)
291 2572 441 2604 Ultimum
463 2570 521 2604 hoc
537 2570 634 2603 debeo
657 2573 694 2603 A.
716 2572 752 2603 G.
774 2571 887 2612 Beck„
912 2583 943 2615 p.
958 2573 1015 2603 28.
1051 2571 1141 2603 Porro
1163 2576 1266 2613 patet,
1287 2570 1369 2615 quod
1391 2580 1435 2605 est
1456 2584 1601 2619 perquam

167 2629 382 2670 memorabile,
410 2639 426 2660 e
450 2628 1127 2679 Bockh.c.1.T0m.1.155.gL4«2“st
1151 2628 1197 2661 01.
1222 2628 1321 2663 XCW.
1348 2631 1386 2672 2,
1420 2630 1602 2664 Andocidem

167 2700 241 2721 νενι
158 2686 399 2739 quivas.-
377 2675 652 2718 uma
683 2687 784 2730 natal
788 2700 816 2727 ῃ,
1118 2671 1264 2681 ἨΜΛ
1266 2671 1328 2681 *⁶
1338 2654 1448 2682 “m

400 2722 639 2736 ,wa-uam
646 2723 719 2731 «σι-»ἢο-

212 2742 269 2788 160)
294 2744 381 2776 Dem.
406 2745 493 2787 Lept.
517 2742 590 2786 §8.
