1774 3036
730 822 1007 879 CAPUT
1061 824 1108 879 Ι.

568 965 628 999 DE
650 966 782 999 ANNO
805 967 990 1001 NATALI
1014 967 1275 1002 ANDOCIDIS.

273 1359 378 1401 Cum
426 1360 714 1402 annotationes
760 1374 872 1402 meas
918 1360 1109 1418 digerere
1153 1363 1402 1419 inciperem,
1451 1364 1633 1406 multum

211 1432 397 1475 dubitavi
427 1432 478 1475 de
504 1433 687 1485 ratione,
723 1448 807 1491 qua
837 1448 905 1476 eas
931 1449 1222 1492 proponerem.
1286 1437 1473 1490 Scilicet,
1500 1444 1549 1479 ut
1567 1437 1631 1489 fit,

210 1508 306 1550 satis
335 1507 471 1550 multa
502 1507 775 1566 collegeram,
817 1523 950 1565 eaque
981 1509 1144 1553 modico
1174 1510 1407 1564 volumine,
1449 1519 1498 1554 ut
1533 1512 1632 1554 scri-

210 1582 373 1638 ptiones
403 1581 678 1625 Academicae
707 1598 793 1625 esse
824 1582 980 1635 solent,
1014 1584 1237 1640 complecti
1260 1585 1466 1629 volebam.
1511 1585 1635 1639 Quod

211 1671 310 1698 sane
341 1655 451 1699 facili
481 1657 651 1714 negotio
681 1656 818 1700 facere
848 1658 1095 1713 potuissem,
1144 1659 1176 1701 si
1211 1659 1501 1702 tantummodo
1532 1661 1633 1702 scri-

209 1731 309 1773 bere
333 1729 556 1773 voluissem
581 1731 650 1783 iis,
685 1731 758 1787 qui
781 1731 986 1774 Andocidi
1012 1731 1196 1789 aliquam
1221 1748 1392 1789 operam
1414 1733 1632 1776 dedissent.

211 1804 292 1846 Sed
321 1803 424 1846 haec
454 1819 540 1846 non
571 1804 763 1861 placebat
787 1806 906 1848 ratio.
969 1806 1124 1849 Contra
1150 1807 1183 1848 si
1207 1807 1349 1848 omnia
1374 1821 1423 1848 ea
1447 1814 1635 1862 repetere

211 1878 362 1922 vellem
375 1912 386 1930 ‚
435 1893 542 1935 quae
583 1877 696 1935 apud
737 1879 875 1921 varios
914 1880 1135 1936 scriptores
1173 1880 1257 1922 iam
1295 1895 1392 1923 vere
1429 1880 1635 1938 disputata

213 1960 367 2004 essent,
416 1960 582 2010 praeter
613 1952 786 1996 modum
823 1968 1010 1996 crescere
1041 1969 1208 1996 necesse
1238 1961 1327 1996 erat
1357 1954 1484 1997 hocce
1515 1956 1635 1998 volu-

214 2043 324 2070 men.
387 2028 565 2071 Mediam
591 2027 816 2085 quamdam
848 2028 959 2071 viam
991 2027 1122 2086 elegi,
1165 2028 1224 2071 ita
1253 2035 1301 2071 ut
1330 2028 1506 2072 lectores
1536 2030 1637 2073 mihi

215 2102 419 2160 fingerem
432 2135 443 2154 ‚
478 2103 549 2159 qui
574 2101 899 2145 familiaritatem
926 2102 1153 2159 quamdam
1179 2117 1277 2145 cum
1302 2102 1513 2147 Andocide
1538 2119 1636 2147 con-

216 2177 457 2230 traxissent,
491 2193 569 2221 nec
594 2177 842 2236 ignorarent
871 2178 1117 2235 praecipuas
1139 2178 1398 2235 quaestiones
1428 2194 1525 2222 cum
1556 2178 1636 2222 hoc

218 2252 396 2294 Oratore
443 2252 695 2295 coniunctas.
768 2253 965 2309 Ignoscat
1008 2252 1159 2310 igitur,
1216 2252 1364 2303 velim,
1411 2252 1639 2296 benevolus

220 2326 369 2375 lector,
418 2326 450 2368 si
495 2326 658 2382 saepius
697 2325 899 2368 obscurus
929 2324 1064 2369 factus
1094 2327 1192 2378 sim,
1235 2326 1371 2370 brevis
1405 2342 1491 2371 esse
1521 2325 1637 2369 labo-

220 2416 340 2453 rans,
375 2406 423 2443 ut
453 2400 510 2443 ait
538 2400 623 2444 ille.
687 2401 879 2458 Cogitent
909 2415 1059 2457 porro,
1104 2415 1279 2458 quaeso,
1313 2415 1441 2457 quam
1471 2398 1639 2443 difficile

219 2477 292 2527 sit,
325 2474 518 2532 putidum
549 2490 635 2518 non
665 2475 798 2518 videri
827 2475 1173 2533 intelligentibus,
1207 2482 1249 2518 et
1273 2474 1541 2532 perspicuum
1570 2476 1635 2526 iis,

222 2550 293 2607 qui
317 2549 528 2592 diversum
553 2548 791 2591 litterarum
824 2549 1065 2607 disciplinae
1087 2564 1283 2606 campum
1310 2548 1466 2593 colunt.
1512 2550 1638 2607 Equi-

222 2625 317 2667 dem
358 2639 456 2666 eum
498 2639 669 2667 cursum
699 2624 866 2675 tenebo,
910 2625 983 2680 qui
1013 2626 1056 2668 C.
1090 2623 1249 2666 Lucilio
1279 2624 1554 2680 probabatur,
1592 2630 1641 2666 ut

224 2697 354 2740 refert
396 2698 478 2741 Cic.
522 2696 572 2739 de
610 2696 726 2741 Orat.
760 2698 813 2741 ΙΙ.
853 2699 872 2753 §
901 2697 975 2740 25:
1018 2697 1212 2741 Persium
1241 2713 1323 2741 non
1355 2714 1451 2745 cwro
1481 2700 1636 2756 leqere‚

227 2772 412 2817 Laelium
442 2772 656 2816 Decimum
685 2774 784 2817 volo.
849 2772 987 2829 Atque
1018 2772 1120 2816 haec
1150 2772 1362 2817 hactenus,
