1774 3036
876 146 902 189 3

178 285 363 331 creditur
398 301 502 337 esse,
549 285 778 328 abiudicari
816 300 955 341 posse,
1004 285 1083 327 nisi
1121 292 1163 327 et
1201 285 1403 328 sermonis
1432 283 1590 327 indoles

133 379 150 395 ο
179 366 399 417 spectetur.
461 359 585 413 Quod
615 359 694 402 feci
722 359 791 402 hic
819 365 861 401 et
883 359 990 411 illic,
1022 365 1071 401 ut
1094 360 1328 416 apparebit,
1360 359 1432 402 sed
1457 358 1589 401 obiter

176 440 354 478 tantum.
415 435 497 477 Res
541 449 667 492 quam
708 433 871 477 lubrica
910 434 961 477 sit
1000 449 1052 477 ex
1082 449 1269 478 nncxnm
1298 433 1492 492 exemplo
1522 448 1590 476 co-

176 523 367 567 gnoram.
445 510 665 553 Praeterea
703 508 988 566 requireretur
1023 510 1225 552 sermonis
1270 509 1420 552 Graeci
1465 523 1590 552 accu-

175 589 266 626 rata
286 586 290 593 '
309 585 472 636 notitia,
519 599 655 641 neque
693 584 832 627 minus
871 583 1028 642 ingenii
1066 584 1284 627 maturitas
1313 583 1517 641 quaedam
1549 591 1591 626 et

176 657 396 715 perfectio,
444 672 571 714 quam
609 672 734 701 nemo
773 657 816 699 in
855 656 1005 700 iuvene
1035 656 1272 714 postulabit.
1343 658 1432 700 Hoc
1460 657 1590 715 igitur

175 748 290 775 nunc
319 733 461 775 mitto:
510 747 559 774 eo
589 731 762 775 fortasse
792 730 935 774 redibo
965 732 1008 774 in
1039 738 1273 788 posterum:
1322 732 1447 788 plura
1476 733 1587 774 enim

175 808 257 850 iam
289 806 440 865 collegi
469 821 595 863 quam
625 806 745 850 dabo.
817 828 823 834 ·

233 882 293 923 De
337 881 536 924 divisione
575 880 765 937 opusculi
808 882 890 923 mei
928 880 1033 923 nihil
1068 881 1225 932 dicam,
1274 896 1371 924 cum
1407 882 1514 923 ratio
1545 882 1588 923 in

176 956 317 1013 aprico
346 955 408 998 sit.
450 955 666 1014 Attingam
696 955 740 997 in
770 955 907 1012 primo
937 957 1070 1013 capite
1105 956 1388 1012 quaestionem
1419 955 1470 997 de
1502 955 1586 997 An-

174 1029 329 1072 docidis
368 1044 479 1072 anno
508 1028 658 1081 natali3
707 1029 750 1071 in
790 1028 964 1085 reliquis
1002 1028 1245 1072 Orationem
1290 1029 1341 1071 de
1386 1030 1587 1086 Mysteriis

176 1104 293 1160 quasi
320 1111 523 1161 perpetuo
553 1104 852 1146 commentario
882 1103 1113 1148 illustrabo.

232 1169 393 1230 Restat,
440 1184 488 1221 ut
525 1177 605 1220 hoc
649 1193 783 1221 unum
817 1178 980 1221 addam.
1042 1180 1240 1223 Maiorem
1270 1189 1432 1237 partem
1462 1183 1587 1227 huius

172 1251 465 1296 dissertationis
502 1252 586 1296 iam
625 1251 884 1296 absolveram
897 1286 907 1305 ,
955 1269 1052 1297 cum
1091 1254 1217 1298 incidi
1252 1256 1296 1299 in
1326 1255 1430 1300 haec
1459 1259 1588 1302 verba

171 1341 556 1373 naon-nocnm‘rn
586 1342 626 1370 v.
659 1327 735 1370 cl.:
778 1361 803 1382 ‚,
816 1327 982 1371 L’envie
1010 1330 1061 1371 de
1091 1337 1251 1375 trouver
1280 1344 1331 1374 en
1359 1332 1505 1389 ddfwt
1534 1336 1591 1376 les

173 1410 419 1446 monuments
449 1418 500 1446 ou
528 1401 747 1454 Minoia-e,
776 1410 875 1447 cette
905 1403 1015 1446 envie
1045 1404 1114 1464 qui
1141 1420 1185 1450 ee
1209 1408 1348 1462 prend
1375 1408 1470 1451 ckez
1497 1423 1584 1452 cer..

172 1476 300 1519 taines
322 1490 425 1532 ‚qens
440 1490 552 1532 pour
574 1477 628 1518 de
650 1477 693 1517 la
711 1476 901 1533 critique,
914 1476 1026 1529 *n'est
1050 1478 1139 1522 bien
1158 1489 1319 1525 convent
1340 1495 1390 1524 en
1409 1496 1486 1525 eum
1506 1499 1583 1540 que

170 1552 222 1594 de
239 1549 527 1607 F‘iqnorame.’'
561 1550 678 1605 Quae
706 1550 834 1596 verba
858 1550 1012 1604 fecere,
1035 1551 1187 1606 fateor,
1206 1562 1263 1600 ut
1287 1554 1418 1599 ferme
1438 1558 1581 1614 poeni-

169 1630 275 1667 teret
318 1639 384 1668 me
424 1624 507 1669 tale
552 1631 851 1682 argumentum
895 1625 1080 1683 elegisse.
1151 1626 1309 1680 Quodsi
1347 1643 1449 1674 vero
1483 1631 1586 1675 haec

169 1698 473 1743 animadversio
511 1699 553 1741 in
594 1715 662 1744 me
701 1699 842 1752 cadat,
889 1701 1054 1745 veniam
1089 1703 1297 1747 commissi
1325 1719 1453 1762 rogo:
1496 1722 1582 1750 non

167 1772 247 1815 nisi
276 1787 347 1815 eos
374 1772 505 1816 nodos
533 1773 704 1830 reliqui,
748 1788 852 1830 quos
881 1774 1085 1830 probabili
1114 1776 1275 1821 ratione
1304 1778 1466 1823 solvere
1495 1797 1583 1825 non

168 1852 370 1903 poteram.
438 1848 491 1890 Hi
519 1863 620 1891 vero
659 1847 765 1891 tales*
795 1855 837 1892 et
875 1850 981 1894 tanti
1014 1849 1231 1903 videntur,
1279 1858 1328 1898 ut
1364 1855 1490 1900 etiam
1529 1856 1581 1901 de

167 1920 247 1964 fide
291 1936 437 1965 earum
476 1937 620 1966 rerum
666 1924 905 1980 ceteroquin
944 1924 1276 1983 incognitarum,
1324 1942 1428 1984 quas
1457 1930 1583 1974 tradit

166 1994 415 2047 Andocides,
447 1997 597 2040 merito
623 1997 749 2053 possit
777 1996 1025 2043 addubitari.

1306 2814 1367 2855 1*
