1774 3036
871 129 895 170 5

228 267 308 311 Ubi
336 267 420 311 duo
449 269 670 325 scriptores
698 266 774 310 sibi
803 269 1082 326 repugnantia
1116 268 1308 321 tradunt,
1352 275 1484 311 exstat
1515 267 1580 310 fa·-

169 341 325 386 cillima
355 343 483 395 ratio,
517 357 600 399 qua
630 356 699 385 eos
729 341 1009 385 conciliemus.
1073 341 1303 386 Dicendum
1342 357 1493 399 nempe
1524 347 1585 384 est

172 423 401 473 utrumque
440 416 655 469 accidisse,
692 417 778 459 sive
808 416 954 468 simul,
997 416 1081 458 sive
1112 417 1194 459 alio
1223 423 1423 473 tempore.
1488 416 1584 469 Quo

167 505 206 533 V.
236 506 270 534 c.
318 496 522 548 tempore,
570 491 676 534 alter
715 490 819 534 dixit
848 505 1043 549 regnasse
1078 492 1243 544 Titium,
1287 492 1392 534 alter
1423 490 1584 547 scripsit

167 580 361 623 regnasse
390 564 608 609 Maevium.
670 566 824 624 Igitur,
858 565 1135 617 contendunt,
1174 580 1250 622 per
1279 565 1359 608 hoc
1389 573 1553 621 tempus
1570 597 1581 614 ‚

173 639 278 682 Titio
318 639 397 681 fuit
426 639 678 698 abrogatum
707 640 954 697 imperium,
993 655 1092 683 mox
1121 641 1334 682 restitutus
1364 646 1435 681 est.
1498 638 1584 679 Aut

166 714 291 758 etiam
323 714 401 756 sic:
429 714 569 770 itaque
599 715 690 771 pari
719 715 811 757 iure
841 721 1018 772 uterque
1049 715 1253 772 regnavit.
1316 715 1368 755 Et
1397 714 1454 756 sic
1484 727 1581 755 sane

166 793 334 845 argute.
356 787 557 845 disputari
587 795 740 845 potest,
784 789 846 831 uti
874 804 913 832 v,
942 805 977 832 c.
1010 789 1108 831 fecit
1134 789 1341 847 Bergkius
1372 787 1423 830 de
1454 787 1581 828 Nico-

168 860 317 903 macho
344 859 395 918 3).
475 860 586 914 Quid
626 876 727 903 vero
772 861 920 904 accidit
957 863 999 904 in
1049 862 1267 905 Andocidis
1306 862 1390 903 vita
1432 860 1581 903 consti-

168 933 324 977 tuenda
340 935 359 976 Ρ

225 1008 285 1049 De
330 1022 380 1049 ea
423 1008 684 1051 tradiderunt
728 1009 851 1052 multi
889 1024 1025 1065 neque
1066 1016 1208 1051 tamen
1243 1010 1423 1066 optimae
1462 1015 1585 1050 notae

166 1083 410 1139 scriptores,
443 1083 494 1125 de
523 1099 704 1140 quorum
735 1084 1000 1142 singulorum
1030 1083 1131 1135 fide,
1167 1083 1267 1141 quid
1297 1084 1494 1133 sentiam,
1523 1082 1583 1125 di-

168 1171 260 1199 cam
305 1156 377 1198 ubi
415 1156 468 1199 ad
508 1172 576 1199 eos
606 1172 851 1214 pervenero.
924 1159 1056 1215 Saepe
1086 1158 1366 1215 repugnantia
1396 1156 1580 1199 tradunt.

167 1232 280 1273 Haec
304 1231 580 1274 conciliarunt
605 1246 735 1287 quum
765 1232 853 1284 alii,
887 1238 978 1275 tum
1003 1234 1249 1275 novissimus
1274 1234 1324 1274 A.
1352 1232 1404 1274 G.
1429 1232 1585 1273 Becke-

167 1318 241 1346 rus
260 1303 293 1362 ⁴)
310 1336 321 1356 ‚
363 1304 420 1346 ita
449 1311 589 1347 tamen
621 1312 670 1348 ut
699 1305 801 1347 nihil
832 1308 954 1349 semel
971 1305 1214 1349 Andocides
1240 1305 1383 1348 fecisse
1414 1320 1584 1347 censen-

165 1377 244 1420 dus
266 1379 336 1431 sit3
364 1378 422 1420 sic
454 1387 515 1421 τεν
545 1379 628 1441 fuit.
654 1379 794 1429 exsul,
827 1388 890 1422 ter
918 1380 1101 1422 Athenas
1126 1380 1268 1431 rediit,
1302 1387 1491 1436 quattuor
1523 1380 1584 1420 ἕν-

169 1452 312 1503 δείξεις
347 1460 492 1495 contra
522 1469 619 1497 eum
650 1460 748 1496 sunt
776 1454 1009 1506 institutae,
1042 1463 1105 1497 ter
1135 1454 1215 1497 fuit
1234 1454 1278 1497 in
1304 1454 1459 1511 Cypro3
1494 1460 1584 1496 tum

170 1527 262 1570 Citii
308 1542 475 1585 regem,
523 1534 612 1570 tum
661 1528 880 1571 Salaminis
920 1529 972 1571 ab
1012 1544 1053 1571 se
1093 1529 1301 1571 alienavit.
1366 1528 1503 1581 Quem
1539 1535 1587 1570 ut

168 1607 309 1656 postea
339 1602 520 1644 amicum
551 1601 721 1652 habeat,
754 1618 919 1646 necesse
949 1609 1009 1645 est
1039 1618 1135 1645 cum
1167 1602 1241 1645 illo
1271 1601 1440 1645 redierit
1470 1602 1586 1645 brevi

167 1681 259 1731 post
288 1675 330 1717 in
363 1676 554 1733 gratiam.
620 1677 766 1720 Varias
788 1676 888 1718 adiit
913 1677 1126 1734 regiones,
1160 1683 1201 1718 et
1226 1676 1394 1733 quidem
1421 1675 1585 1718 easdem

168 1748 253 1791 bis.-
285 1765 436 1806 nempe
465 1750 539 1793 has
563 1758 778 1807 tamquam
810 1751 993 1808 legatus,
1026 1750 1119 1793 illas
1149 1757 1365 1806 tamquam
1396 1749 1526 1796 exsul.

227 1824 345 1866 Itane
376 1823 625 1867 verisimile?
678 1825 859 1868 Hoccine
890 1823 1159 1868 admittetur?
1207 1823 1310 1877 Sed,
1345 1823 1496 1876 fateor,
1529 1824 1586 1867 sic

168 1898 258 1940 fieri
280 1900 440 1955 potuit.-
472 1900 612 1955 itaque
641 1900 743 1942 haec
773 1901 855 1942 iam
887 1900 1005 1941 mitto
1030 1907 1072 1941 et
1100 1914 1280 1956 propero
1311 1898 1364 1941 ad
1390 1900 1580 1941 certiora.

225 1972 399 2015 Nullum
431 1973 517 2015 fere
547 1980 607 2016 est
636 1973 842 2017 scribendi
871 1989 1004 2031 genus
1020 2007 1031 2026 ‚
1065 1973 1178 2030 quod
1207 1974 1455 2030 posteriores
1484 1973 1583 2016 imi-

167 2045 293 2087 tando
334 2061 419 2088 non
459 2048 737 2103 expresserint
775 2048 849 2099 ita,
899 2054 945 2089 ut
983 2046 1104 2089 hodie
1143 2047 1268 2089 etiam
1298 2046 1578 2103 decipiamur3

167 2119 237 2163 sed
274 2136 358 2163 non
389 2122 486 2164 novi
523 2121 636 2165 aliud
666 2122 871 2165 scribendi
900 2127 1221 2180 argumentum,
1269 2121 1312 2163 in
1344 2136 1428 2177 quo
1464 2121 1579 2165 fraus

169 2194 330 2238 facilius
355 2195 484 2239 latere
514 2197 695 2253 potuerit
720 2212 847 2253 quam
872 2197 914 2238 in
946 2196 1171 2238 Oratorum
1198 2195 1440 2238 actionibus.
1473 2197 1578 2239 Cum

166 2270 278 2313 enim
319 2272 362 2313 in
391 2271 624 2314 Rhetorum
654 2271 820 2324 scholis,
862 2271 958 2314 inde
988 2286 1013 2313 a
1043 2270 1201 2328 Gorgia
1230 2277 1272 2313 et
1300 2270 1577 2328 Antiphonte‚

167 2343 376 2402 discipuli,
419 2347 722 2406 exercitationis
749 2361 898 2398 causa,
941 2345 1208 2388 declamitare
1238 2345 1441 2397 solerent,
1484 2360 1578 2388 ma-

167 2419 286 2476 gistri
309 2416 516 2477 ·exemplo
546 2420 772 2478 praeirent,
814 2420 892 2463 hae
923 2419 1244 2463 declamationes
1273 2434 1394 2476 saepe
1424 2420 1576 2462 oratio-

102 2553 105 2556 1
167 2506 270 2533 num
305 2494 585 2552 genuinarum
615 2498 767 2536 nomen
798 2494 990 2536 ementiri
1019 2499 1246 2550 potuerunt
1285 2499 1326 2535 et
1354 2495 1574 2536 ementitae

206 2678 231 2722 5)
259 2680 324 2711 Post
348 2678 511 2710 Andocidis
534 2679 627 2712 Oratt.
652 2679 701 2712 ed.
722 2678 863 2711 Schiller.

207 2737 234 2780 4)
262 2737 294 2767 ln
320 2746 425 2780 opere:
453 2735 624 2767 Andokides
646 2736 745 2768 iibers.
771 2747 801 2768 u.
827 2735 981 2767 erlfiutert.
1018 2733 1181 2775 Quedlinb.
1208 2734 1306 2763 1832.
