1774 3036
853 123 910 166 38

168 264 377 308 vocabulo
405 266 441 308 οἱ
470 264 572 312 ὠνὰς
608 262 821 317 πριάμενοι
853 277 1000 307 omnes
1028 263 1333 322 complectitur.
1384 266 1504 320 Quae
1528 281 1594 310 res

173 353 272 382 cum
302 353 328 382 a
357 338 501 382 multis
528 337 587 397 ⁹⁴)
636 339 722 381 iam
749 337 971 381 observata
991 339 1065 391 sit,
1103 339 1209 382 nihil
1233 339 1380 383 attinet
1402 339 1595 397 pluribus

172 413 225 458 de
254 414 328 457 tali
357 420 611 471 argumento
633 413 861 471 disputare.
907 412 990 457 Sed
1017 413 1168 456 Graeci
1194 413 1459 473 distinguunt
1486 409 1596 459 inter

173 489 266 535 τοὺς
301 486 359 529 τα
397 487 500 538 τέλη
532 487 774 540 ὠνουμένους
812 493 855 530 et
887 488 982 536 τοὺς
1011 487 1068 530 τὰ
1101 486 1342 540 μισθώσιμα
1372 489 1594 542 μισθουμέ-

170 579 259 611 νους
290 569 334 607 et
362 564 456 611 τοὺς
484 564 684 620 ἐκλογῆς,
714 563 789 620 qui
819 561 1030 619 quomodo
1067 560 1286 614 differant,
1319 579 1345 606 e
1374 562 1420 607 11.
1443 563 1490 608 11.
1521 579 1594 621 ap-

171 651 322 695 parere
357 638 527 695 poterit;
576 637 649 681 sed
688 637 740 681 ab
774 636 989 680 Andocide
1017 636 1158 682 minus
1185 643 1382 681 accurate
1411 637 1594 682 confun-

170 711 333 755 duntur
354 711 434 769 ⁹⁵).

234 785 360 838 Quod
381 799 482 828 vero
503 785 602 829 dicit
621 785 758 828 ὁπόσοι
775 818 785 828 .
801 819 810 827 .
825 818 858 828 ..
887 785 991 835 ὠνὰς
1011 784 1227 840 πριάμενοι
1250 787 1305 831 ἐκ
1333 802 1389 829 το
1403 790 1425 830 ὖ
1451 787 1595 838 δημο-

173 859 284 903 σίου
324 860 383 912 μὴ
423 859 665 913 κατέβαλον
699 859 757 904 τα
790 860 1025 914 χρήματα,
1067 859 1090 910 ἢ
1129 859 1291 912 ἐγγύας
1328 860 1597 913 ἠγγυήσαντο

173 951 206 977 π
218 936 296 987 ρός
332 935 387 977 τὸ
429 934 587 986 δημόσ·
601 951 612 977 ι
626 951 643 978 ο
657 951 699 992 ν,
739 950 877 993 neque
906 934 1014 978 illud
1043 934 1318 992 probatorum
1346 935 1597 992 scriptorum

173 1024 255 1052 usu
285 1008 580 1052 confirmatum
616 1010 798 1054 invenio.
874 1009 1019 1067 Vulgo
1047 1009 1160 1055 enim
1188 998 1342 1052 dicitur
1375 1008 1493 1063 παρὰ
1522 1013 1597 1058 τῆς

173 1083 348 1130 πόλεως.
412 1083 613 1139 Sequitur
641 1083 799 1131 τούτοις
830 1084 853 1132 ἧ
886 1083 963 1134 μὲν
992 1081 1145 1130 ἔκτισις
1174 1079 1219 1131 ἦν
1244 1082 1310 1125 ἐπὶ
1341 1087 1416 1131 τῆς
1452 1081 1599 1132 ἐνάτης

171 1157 439 1211 πρυτανείοις.
478 1158 571 1201 Non
602 1164 798 1202 accurate
828 1157 986 1201 dictum
1016 1163 1098 1210 est,
1127 1172 1226 1201 nam
1257 1157 1524 1215 excipiuntur
1547 1157 1597 1208 ii,

175 1233 250 1289 qui
277 1232 322 1275 in
351 1236 544 1288 γραφαῖς
576 1231 732 1286 ὕβρεως
764 1232 1031 1278 condemnati
1055 1239 1212 1283 essent,
1238 1231 1314 1289 qui
1337 1246 1489 1289 nempe
1517 1231 1598 1274 sol-

171 1321 272 1350 vere
302 1306 510 1351 debebant
540 1307 651 1350 intra
681 1306 877 1351 undecim
907 1306 1088 1364 diesss’ss).

232 1380 392 1435 Quodsi
433 1395 535 1424 vero
579 1381 730 1423 aerarii
768 1395 855 1425 non
895 1380 1095 1424 solverint
1133 1386 1230 1424 ante
1268 1394 1425 1424 nonam
1455 1386 1598 1439 pryta-

170 1456 310 1507 niam,
343 1454 585 1512 duplicatur
615 1454 824 1507 debitum,
856 1454 1074 1498 διπλάσιον
1108 1455 1347 1509 ὀφείλουσι,
1380 1461 1429 1498 ut
1457 1455 1598 1499 Ando-

174 1528 286 1573 cides
309 1528 421 1573 dicit.
453 1530 506 1572 Et
529 1542 678 1572 revera
701 1529 759 1571 sic
782 1527 907 1572 fiebat
930 1529 1201 1586 plerumque,
1224 1527 1295 1573 sed
1314 1542 1401 1572 non
1420 1541 1596 1587 semper.

175 1602 237 1647 Cf.
269 1618 309 1646 v,
328 1619 364 1646 c.
396 1603 514 1646 Dem.
542 1618 580 1646 c.
611 1604 781 1647 Macart.
814 1602 927 1658 §58.
958 1602 1035 1661 ⁹⁷).

228 1678 370 1720 Poena
399 1676 531 1735 igitur
561 1677 605 1721 in
635 1692 728 1731 eos,
771 1677 846 1735 qui
875 1676 1039 1721 solvere
1069 1683 1333 1730 recusarent,
1376 1678 1600 1722 constituta

172 1758 234 1794 est
268 1750 486 1794 διπλάσιον
518 1751 702 1804 ὀφείλειν
737 1752 807 1794 καὶ
848 1752 906 1793 τα
938 1753 1125 1803 κτήματ’
1163 1753 1298 1794 αὐτῶν
1331 1753 1596 1804 mox-paeonem

173 1825 295 1869 solita
312 1823 498 1868 formula
518 1830 597 1867 est:
621 1825 694 1873 τὴν
716 1824 857 1868 οὐσίαν
879 1824 1080 1876 δημοσίαν
1100 1822 1221 1868 εἶναι.
1254 1824 1336 1868 Sed
1352 1824 1405 1870 cf.
1422 1831 1508 1870 not.
1525 1826 1596 1869 84.

232 1900 372 1956 Atque
401 1898 505 1943 haec
534 1897 769 1942 Andocides
799 1897 851 1942 de
878 1899 1033 1955 ἀτιμία
1065 1902 1143 1942 τῶν
1174 1898 1420 1953 ὀφειλόντων
1444 1900 1501 1953 τῷ
1531 1900 1599 1949 δη-

171 1974 315 2029 μοσίῳ.
375 1974 437 2018 De
466 1973 618 2032 quibus
649 1988 778 2031 quam
808 1988 961 2032 pamm
992 1973 1215 2033 diligenter
1244 1975 1505 2034 exposuerit,
1545 1990 1600 2019 ex

172 2050 255 2093 hoc
284 2049 468 2092 maxime
501 2047 643 2091 videre
673 2055 755 2099 est,
798 2048 935 2105 quod,
975 2049 1009 2092 si
1039 2049 1209 2093 aliunde
1237 2050 1513 2102 nesciremus,
1546 2065 1600 2094 ex

171 2121 398 2166 Andocidis
435 2121 574 2165 verbis
613 2136 740 2165 nemo
779 2121 983 2165 conficere
1012 2128 1171 2179 posset,
1212 2128 1310 2165 ante
1338 2121 1598 2180 duplicatum

174 2197 361 2240 debitum
391 2198 575 2240 aerarios
604 2197 689 2239 iam
720 2195 845 2239 fuisse
873 2197 1064 2248 ἀτίμους.
1135 2198 1212 2240 Cui
1241 2197 1479 2241 addendum
1512 2205 1597 2248 est,

173 2272 267 2318 VV.
294 2270 380 2315 DD.
394 2304 404 2324 ,
448 2269 672 2314 Andocidis
706 2270 953 2315 auctoritate
981 2269 1196 2328 deceptos,
1235 2270 1345 2317 hanc
1371 2274 1452 2315 τῶν
1482 2271 1597 2325 ὀφει-

174 2345 326 2388 λόντων
369 2345 545 2398 ἀτιμίαν
591 2346 724 2390 altera
763 2353 929 2404 putasse
971 2347 1232 2404 graviorem,
1280 2347 1401 2391 sicuti
1444 2345 1597 2390 Orator

214 2556 257 2601 Β4)
281 2555 362 2589 lbid.
382 2568 412 2600 p.
440 2556 517 2588 138.
552 2555 656 2600 Lelyv.
684 2567 716 2599 p.
743 2556 817 2587 195.
855 2555 968 2588 Buckh.
990 2556 1057 2588 Oec.
1082 2556 1145 2588 civ.
1171 2556 1192 2588 Ι.
1220 2568 1250 2600 p.
1279 2558 1352 2588 122.

214 2612 256 2655 95)
281 2615 367 2647 Nulli
380 2615 441 2646 loci
452 2621 523 2646 sunt
534 2614 572 2645 de
586 2614 643 2646 hoc
657 2621 836 2657 argumento
853 2613 1072 2645 luculentiores
1082 2624 1173 2655 quam
1190 2614 1272 2646 Dem.
1285 2615 1362 2647 Tim.
1375 2616 1407 2659 §9
1423 2617 1464 2647 40
1479 2623 1508 2648 et
1525 2616 1600 2647 144.

217 2668 258 2712 96)
283 2670 399 2704 Bockh.
421 2670 490 2702 oec.
512 2671 575 2703 Civ.
604 2672 627 2703 l.
649 2672 730 2703 416.
763 2671 832 2701 Mei.
859 2669 895 2701 de
915 2669 987 2701 hon.
1011 2668 1112 2701 damn.
1137 2680 1167 2711 p.
1187 2671 1262 2703 138.

215 2726 257 2773 9⁷)
281 2727 349 2761 vid.
373 2728 496 2760 omnino
522 2727 637 2760 B'o'ckh.
663 2727 698 2759 Il.
724 2739 754 2771 p.
784 2729 861 2760 415.
882 2726 987 2770 ibique
1014 2734 1077 2759 not,
1099 2728 1178 2760 ³29.
