1774 3036
877 187 934 229 50

192 334 278 377 τοῖς
313 328 380 372 ἐπὶ
423 326 553 382 χρόνῳ
583 326 806 379 μεθεςῶσιν
840 325 993 378 ἐξεῖναί
1029 323 1274 371 wammam
1311 328 1509 382 πράττειν
1545 330 1620 375 καὶ.

191 403 334 454 λέγειν
374 403 430 445 τὰ
462 401 648 453 βέλτιςα
686 408 739 456 τῇ
774 399 951 444 Ἑλλάδι
990 401 1104 453 μετα
1135 405 1215 444 τῶν
1249 400 1391 445 ἄλλων
1422 408 1614 448 πολιτῶν.

192 477 318 532 Quod
346 475 485 519 solum
514 474 739 519 Aristidem
769 480 940 532 spectat.
1001 473 1205 532 Equidem
1233 475 1343 519 hanc
1373 478 1617 522 amnestiam

193 550 530 593 commenticiam
569 555 696 607 puto,
744 564 881 606 neque
920 549 1034 592 hunc
1069 564 1257 592 errorem
1296 550 1430 593 miror
1468 551 1513 594 in
1542 566 1614 604 eo,

193 625 266 681 qui
291 626 310 680 ᾗ
344 626 429 668 107
460 624 645 668 scribere
674 624 832 682 potuit,
865 623 917 667 de
944 639 1028 681 qua
1056 624 1128 667 vix
1158 638 1264 681 opus
1291 630 1353 667 est
1381 631 1432 668 ut
1460 640 1616 670 consu-

190 699 336 742 lantur
366 701 634 758 Interpretes.
1335 699 1338 701 ’

250 774 396 832 Pergit
434 781 575 817 autem
615 772 870 816 Patroclides
899 772 979 815 sic:
1029 772 1119 826 περὶ
1161 773 1209 816 δὲ
1240 776 1319 816 τῶν
1352 774 1615 827 ἐπιγεγραμ-

191 848 323 899 μένων
353 849 411 895 eit,-
440 848 535 895 τοὺς
567 846 805 901 πράκτορας
837 847 860 897 ἢ
895 847 989 895 τοὺς
1020 846 1182 900 ταμίας
1209 853 1285 897 τῆς
1316 849 1404 891 θεοῦ
1437 848 1507 891 καὶ
1538 852 1617 891 τῶν

191 922 333 965 ἄλλων
366 922 462 965 θεῶν
497 922 520 972 ἢ
554 922 624 965 τὸν
657 922 906 973 βασιλέα.
980 922 1077 976 Quo
1106 922 1287 980 pertinet
1316 922 1357 965 δὲ
1383 922 1616 979 particula?

191 999 301 1041 Tum
331 996 568 1040 nesciebam
599 998 757 1054 Reyem
787 996 936 1040 talium
961 1008 1107 1040 rerum
1137 1012 1285 1041 curam
1309 997 1477 1041 habere.

248 1073 299 1114 In
341 1072 586 1114 universum
627 1078 769 1114 autem
811 1070 1119 1114 observandum
1149 1078 1232 1124 est,
1265 1071 1435 1115 nullum
1465 1072 1510 1114 in
1539 1072 1619 1115 hoc

188 1146 358 1189 decreto
388 1160 475 1188 esse
499 1146 802 1188 sententiarum
832 1145 1070 1189 vinculum:
1104 1145 1298 1193 ἀπόδοσις
1321 1147 1434 1189 enim
1459 1145 1617 1189 deside-

186 1226 309 1263 ratur
339 1220 383 1263 in
412 1219 496 1262 fine
525 1221 545 1275 ξ
575 1221 644 1263 78.
707 1221 851 1262 Exstat
879 1218 1056 1272 ibidem,
1089 1219 1159 1262 καὶ
1193 1217 1487 1263 δ’σωνΑεύθῦναί
1509 1220 1616 1267 τινές

191 1296 268 1338 εἶσι
295 1295 382 1337 κτὲ.
415 1295 574 1338 Locum
590 1294 761 1353 egregie
777 1294 1003 1351 explicabit
1016 1293 1173 1338 Bockh.
1191 1293 1291 1337 Oec.
1308 1294 1394 1338 Civ.
1411 1294 1445 1338 Ι.
1463 1309 1504 1352 p.
1515 1294 1615 1338 206.

247 1369 330 1412 Sed
369 1369 413 1412 in
453 1368 719 1426 praecedenti
752 1371 773 1425 ᾖ
804 1369 983 1427 legitur,
1016 1366 1098 1412 ὅσοι
1135 1367 1278 1420 ἄτιμοι
1311 1364 1416 1418 ἦσαν
1447 1369 1470 1420 ἣ
1502 1368 1617 1423 ὀφεί-

185 1455 350 1492 λοντεςς
394 1443 504 1486 mira
543 1443 765 1501 oppositio,
808 1445 929 1500 quasi
958 1458 1060 1486 vero
1090 1441 1329 1496 ὀφείλοντες
1360 1458 1447 1486 non
1482 1449 1618 1486 essent

187 1518 347 1571 ἄτιμοι.

244 1595 409 1638 Verum
449 1591 504 1634 ad
543 1591 628 1633 alia
662 1591 870 1634 transibo:
915 1590 1126 1634 fastidium
1151 1592 1264 1634 enim
1294 1591 1405 1648 parit
1433 1597 1476 1634 et
1503 1606 1616 1635 nau—

184 1682 298 1711 seam
338 1668 381 1710 in
421 1666 576 1710 talibus
615 1666 808 1709 sordibus
842 1665 1046 1717 volutari,
1095 1680 1198 1722 quas
1237 1680 1364 1724 aegre
1400 1665 1522 1709 video
1562 1666 1617 1709 ab

185 1741 369 1786 acutulis
399 1740 566 1784 defendi
596 1746 639 1783 et
667 1741 870 1798 explicari
899 1739 1068 1783 seilicet.
1131 1741 1220 1783 Hoc
1245 1745 1411 1782 tantum
1439 1740 1613 1793 notabo,

185 1832 241 1861 ne
270 1817 485 1874 ignorasse
514 1814 680 1858 videar:
727 1814 749 1864 ἢ
786 1813 895 1857 ἄλλο
925 1830 966 1857 τι
998 1814 1089 1867 περὶ
1121 1817 1200 1856 τῶν
1230 1814 1271 1856 ἐν
1299 1820 1352 1868 τῇ
1383 1814 1617 1869 ὀλιγαρχίᾳ

183 1889 455 1944 πραχθέντων
487 1889 551 1934 ἐςί
580 1904 658 1931 που
690 1887 1000 1941 γεγραμμένον.
1049 1886 1112 1931 Cf.
1137 1887 1294 1931 Boekh.
1323 1887 1423 1930 Oec.
1450 1887 1614 1933 Giv.11.

185 1981 227 2023 p.
253 1966 354 2009 202.
416 1964 513 2007 Mox
543 1962 734 2021 sequitur
763 1961 817 2013 ἣξ
847 1960 1005 2015 Ἀρείου
1037 1959 1181 2013 πάγου
1213 1961 1236 2012 ἢ
1261 1965 1340 2005 τῶν
1374 1963 1534 2017 ἐφετῶν
1564 1962 1616 2013 ἢκ

185 2037 430 2093 πρυτανείου
466 2038 553 2080 κτὲ.
617 2038 831 2080 Mutuatus
869 2035 951 2079 hoo
996 2042 1058 2079 est
1092 2035 1247 2079 Orator
1275 2051 1299 2079 e
1329 2035 1424 2095 lege
1453 2036 1618 2081 Solonis

186 2113 301 2171 apud
332 2113 443 2155 Plut.
477 2111 562 2154 Sol.
598 2112 668 2153 19.
701 2110 801 2169 ¹2¹).

246 2189 267 2243 ξ
310 2188 380 2231 81.
420 2184 678 2230 restituenda
717 2190 780 2227 est
817 2184 1002 2243 genuina
1041 2183 1179 2228 Attica
1223 2182 1360 2228 forma
1400 2188 1613 2239 Πειραιῶς.

187 2261 341 2304 Paullo
370 2267 467 2317 post
495 2259 673 2316 legitur:
708 2257 945 2309 δόξαντα
984 2258 1020 2300 δ’
1052 2258 1149 2308 ὑμῖν
1176 2261 1320 2301 ταῦτα
1352 2257 1509 2301 εἵλεσθε
1544 2257 1616 2300 ἄν·

188 2336 286 2391 δρας
319 2336 371 2379 κ’.
432 2335 494 2377 De
532 2333 613 2377 hac
642 2333 855 2377 locutione
885 2331 969 2377 vid.
1000 2333 1239 2390 Interprett.
1279 2331 1332 2376 ad
1366 2334 1473 2377 Xen.
1505 2331 1614 2376 Hell.

185 2411 262 2455 ΠΙ.
297 2411 339 2454 2.
376 2410 444 2453 19.
486 2414 529 2451 et
566 2407 700 2451 Anab.
732 2409 804 2453 IV.
841 2408 880 2451 1.
918 2407 985 2451 13.
1060 2406 1263 2464 Equidem
1303 2422 1396 2451 eam
1435 2406 1616 2450 Atticam

186 2502 274 2529 esse
301 2484 470 2529 credam
483 2517 494 2536 ,
529 2482 698 2540 quando
722 2482 916 2540 exempla
946 2488 1114 2540 reperta
1140 2488 1289 2534 erunt,
1322 2481 1396 2525 ubi
1420 2496 1460 2525 V.
1479 2496 1514 2525 c.
1538 2497 1616 2540 pro

190 2561 300 2610 ἐνὸν,
334 2559 423 2611 ἐξόν
455 2558 614 2617 legitur
643 2557 811 2607 ἐνόντα,
845 2556 1006 2608 ἐξόντα.

231 2733 288 2778 121)
312 2732 393 2764 Bake
416 2731 519 2764 Schol.
545 2733 626 2776 Hyp.
653 2733 710 2764 111.
736 2734 813 2765 112.
849 2732 906 2765 Th.
933 2732 1045 2777 Bergk.
1072 2738 1139 2775 post
1161 2731 1273 2766 Andoc.
1297 2733 1393 2768 Oratt.
1413 2733 1467 2767 Ed.
1481 2733 1622 2768 schillet.

182 2793 278 2827 Sluit.
302 2791 401 2823 Lecu.
425 2788 573 2821 Andocid.
599 2801 629 2832 p.
657 2790 720 2820 131
746 2800 809 2832 sqq.
