1774 3036
832 136 886 178 23

147 278 287 323 tione?
348 278 428 325 Sed
457 293 511 322 ne
536 277 616 321 hoc
646 276 832 334 quidem,
865 269 978 335 quod
997 276 1049 319 de
1075 276 1220 320 ceteris
1247 275 1388 327 tradit,
1414 290 1560 319 verum

144 358 226 404 est,
267 367 366 398 nam
397 352 507 398 Plut.
538 351 629 397 Alc.
663 350 738 394 20:
771 350 969 402 ἐνέβαλον
1000 351 1187 404 ἀκρίτους
1218 351 1275 399 εἷς
1317 351 1364 393 τὸ
1403 351 1560 403 δεσμω-

141 427 273 481 τήριον
312 426 406 474 τοὺς
437 426 617 472 ὁπωσοῦν
647 425 983 474 ἐπαιτιαθέντας.

199 500 283 544 Sed
311 506 353 544 et
380 501 673 555 Philodorum
700 505 916 547 auctorem
946 499 1174 552 adducam,
1205 499 1461 543 Andocidem
1488 513 1561 541 er-

140 589 248 620 rare.
325 575 522 620 Traditur
550 574 608 634 ⁵⁷)
651 573 913 632 Polystratus
949 573 1074 618 fuisse
1103 590 1214 626 unus
1242 589 1295 617 ex
1330 576 1557 618 Hermoco-

138 649 257 707 pidis.
318 651 435 692 Inter
464 664 569 706 quos
598 655 739 692 tamen
769 648 822 691 ab
850 647 1085 700 Andocide,
1118 651 1138 705 ξ
1164 649 1245 701 35,
1276 664 1362 691 non
1393 664 1557 691 memo-

137 731 271 768 ratur.
332 725 480 781 Itaque
515 740 681 778 omnes,
730 725 855 768 etiam
895 724 924 767 ii
963 724 1037 787 qui
1075 723 1129 767 ob
1168 723 1367 788 mxsteria
1404 723 1558 766 violata

136 802 302 843 tantum
332 799 515 843 accusati
542 805 662 852 sunt,
694 798 794 842 dicti
817 805 917 843 sunt
939 798 1281 859 Hermocopidae.
1344 799 1435 841 Iam
1461 797 1556 840 Phi-

137 872 334 917 lochorus
346 872 427 931 ⁵8):
456 873 490 915 οἱ
514 871 776 926 {panon-&us
803 872 871 914 ἐπὶ
899 864 1126 926 Χαβρίου
1155 873 1355 927 ἄρχοντος
1380 871 1554 915 θάνατον

136 947 508 1000 κατεγνώσθησαιν,
550 946 593 990 h.
620 962 656 993 e.
685 958 801 990 anno
830 947 1019 1004 sequenti
1047 947 1242 999 demum,
1283 961 1382 990 nam
1417 947 1553 1003 ipsum

134 1021 537 1079 Hermooopidarum
567 1022 727 1067 crimen
755 1021 914 1064 factum
943 1028 1005 1065 est
1033 1021 1234 1066 archonte
1263 1021 1514 1064 Arimnesto.

192 1095 314 1150 Quae
338 1096 665 1155 argumentatio,
691 1095 726 1140 si
751 1096 821 1140 cui
850 1094 958 1140 forte
981 1110 1069 1140 non
1093 1094 1294 1153 placebit,
1326 1093 1477 1138 addam
1504 1093 1555 1137 dc

135 1170 231 1226 ipsis
270 1170 584 1227 Hermoeopidis
621 1172 790 1228 proprie
834 1171 893 1214 sic
935 1171 1054 1215 dictis
1096 1170 1355 1215 Andocidem
1390 1169 1553 1212 diversa

133 1243 300 1289 tradere
330 1261 356 1290 a
386 1244 628 1304 Thucydide
652 1253 695 1291 et
720 1245 960 1292 Plutarcho.
1021 1246 1130 1290 Dicit
1153 1246 1267 1289 enim
1291 1247 1311 1302 ᾗ
1337 1245 1413 1289 34;
1448 1245 1479 1288 οἱ
1509 1244 1550 1286 δὲ

132 1319 442 1373 συλληφθέντες
471 1318 675 1363 ἀπέθανον
707 1320 822 1363 κατὰ
853 1321 927 1369 τὴν
963 1319 1146 1373 Τεύκρου
1177 1319 1364 1371 μήνυσιν.
1428 1317 1552 1371 Quod

132 1407 260 1449 quam
290 1390 442 1435 falsum
472 1392 546 1445 sit,
578 1408 632 1435 ex
659 1392 814 1436 horum
838 1393 1079 1436 narratione
1107 1398 1253 1450 patere
1281 1391 1447 1449 poterit.

191 1465 321 1508 Hodie
364 1466 461 1510 satis
505 1472 686 1519 constat,
737 1481 837 1509 nam
882 1481 1008 1510 nemo
1047 1466 1169 1510 facile
1212 1466 1418 1509 dubitabit
1456 1474 1550 1524 post

131 1541 732 1611 1300k7²i34mffssw1353ma22num
749 1540 809 1600 ⁵⁹)
825 1574 837 1594 ,
868 1540 1168 1599 psephismata,
1195 1539 1332 1613 leges,
1364 1540 1547 1584 testimo-

129 1615 220 1667 nia,
253 1601 365 1669 aliam,
399 1603 499 1677 “uae
522 1601 573 1659 irs
597 1615 866 1660 Orationibus
895 1614 1036 1659 addita
1059 1614 1100 1658 le
1192 1621 1263 1658 tur
1311 1630 1398 1659 non
1424 1615 1548 1659 fuisse

142 1674 243 1682 ——-.-..-

128 1690 334 1747 exscripta
363 1690 551 1756 312}AEss
581 1690 850 1743 Oratoribus,
892 1690 964 1733 sed
996 1696 1140 1747 postea
1167 1688 1307 1733 addita
1336 1705 1362 1732 a
1387 1690 1545 1734 Gram-

127 1764 638 1833 maffiCiSffAJR‘flEQQ
679 1760 708 1826 'e
747 1765 907 1826 Crateri
944 1764 1208 1828 aliorumque
1214 1770 1540 1831 κίοι-Ἥρω.

674 1820 689 1828 μ
702 1820 830 1829 unam-...qa
847 1818 938 1827 msa-0..-

126 1839 263 1896 Atque
298 1829 549 1897 perparvam
593 1856 679 1883 esse
717 1839 872 1883 horum
908 1846 1282 1884 monumentorum
1312 1840 1543 1884 auctorita-

125 1914 1466 1979 QQQQQ9333,fflpwfflffiqffgssggffiſssjmmulmiaeunosa
1501 1922 1544 1958 et

123 1988 373 2045 interpolata
400 2004 488 2032 esse
518 1988 689 2032 soleant.
749 1990 840 2046 Ego
869 2002 970 2033 vero
998 2002 1052 2031 ne
1082 1987 1138 2031 ab
1165 1988 1421 2045 ineptissimo
1450 1989 1543 2046 qui-

122 2061 218 2106 dem
248 2062 417 2106 homine
448 2069 686 2119 exspectare
716 2076 905 2120 possum,
936 2061 1083 2115 illum,
1116 2077 1225 2120 quae
1257 2063 1301 2106 in
1325 2063 1406 2107 hae
1435 2063 1541 2108 Ora-

122 2138 234 2181 tione
262 2138 426 2181 nomina
455 2137 596 2183 addita
625 2137 849 2196 leguntur,
884 2138 1057 2197 finxisse
1085 2137 1137 2180 de
1167 2153 1266 2190 suo,
1303 2153 1382 2181 nec
1411 2154 1541 2197 nega-

122 2211 255 2256 verim
293 2211 368 2256 hos
412 2227 561 2256 revera
600 2218 704 2258 tunc
733 2212 857 2256 fuisse
885 2212 1099 2259 indicatos.
1158 2212 1398 2270 Droysenus
1426 2212 1540 2256 dedit

121 2286 275 2330 horum
305 2286 494 2330 omnium
516 2285 920 2342 προσωπογραφιόιν,
953 2300 1082 2343 quam
1106 2286 1369 2344 supplerem,
1402 2287 1436 2331 si
1460 2302 1537 2331 va-

137 2518 201 2562 757)
224 2521 369 2563 Harpocr.
392 2521 426 2552 in
449 2532 478 2553 v.

158 2573 200 2619 5⁸)
223 2576 328 2609 schol.
353 2574 445 2610 Arist.
468 2578 543 2610 Avv.
567 2589 610 2610 vs.
637 2578 714 2610 766.

158 2631 198 2676 59)
222 2633 338 2667 B'dckh,
361 2634 399 2667 de
424 2634 631 2667 Archontibus
655 2633 920 2679 Pseudeponymis.
967 2635 1002 2666 In
1024 2634 1283 2679 Abhandlungen
1305 2635 1365 2668 der
1393 2635 1544 2668 Berlinm·
1582 2647 1590 2687 αἱ

112 2689 306 2728 Academia,
331 2690 362 2721 J.
389 2692 489 2722 1827.
510 2698 542 2722 et
563 2692 602 2722 K.
626 2692 656 2722 F.
676 2692 848 2731 Hermann,
872 2691 1046 2735 Disputatio
1070 2691 1107 2723 de
1130 2691 1266 2724 Proedris
1291 2691 1519 2726 Atheniensium
1533 2716 1541 2732 ,
1581 2690 1593 2745 ἱ

112 2747 145 2779 in
167 2744 234 2780 ind.
254 2745 368 2779 sehon.
394 2746 488 2780 habb.
512 2748 545 2781 iu
570 2748 660 2782 Acad.
683 2749 789 2793 Georg.
814 2750 890 2793 Aug.

1660 1957 1698 1977 ¹1
