1774 3036
865 129 919 173 51

185 283 189 289 -
241 264 333 307 Non
373 263 592 317 ferendum
623 269 685 307 est
723 264 770 306 τὸ
804 264 1071 308 ’ἀνακόλουθον
1106 265 1150 308 in
1181 263 1370 322 sequenti
1395 265 1439 319 5,
1482 261 1595 320 quod

182 337 380 388 facillima
422 339 583 382 ratione
620 338 679 382 sic
718 338 879 382 solvere
907 339 1153 397 poterimus:
1191 338 1331 387 ἐπειδὴ
1365 338 1407 382 δὲ
1439 337 1594 388 βουλὴν

180 413 506 467 ἀπεκληρώσατε
548 413 767 465 νομοθέταις
801 415 849 455 ἰ’-ε
893 412 1075 462 εἵλεσθε,
1122 413 1300 467 εὕρισκον
1340 417 1419 456 τῶν
1465 411 1593 461 νόμων

177 490 259 529 τῶν
298 503 346 535 τε
392 487 573 535 Σόλωνος
619 487 688 529 καὶ
738 489 816 529 ’τῶν
862 486 1091 541 Δράκοντος
1132 488 1311 535 πολλοὺς
1349 487 1494 535 ὄντας,
1535 482 1592 532 οἷς

177 561 323 608 πολλοὶ
357 565 436 604 τῶν
465 561 643 603 πολιτῶν
680 559 813 613 ἔνοχοι
848 556 951 608 ἦσαν
989 564 1067 602 τῶν
1105 561 1291 614 πρότερον
1324 559 1445 606 ἕνεκα
1474 574 1591 611 γενο-

176 635 326 687 μένων,
355 636 436 678 κοιὶ
467 634 690 685 ἐκκλησίαν
721 634 966 685 ποιήσαντες
997 634 1302 686 ἐβουλεύσασθε
1321 634 1410 687 περὶ
1438 635 1588 677 αὐτῶν.

234 711 397 752 Horum
436 707 772 766 vigintivirorum
810 707 929 750 fuere
960 713 1128 765 praeter
1156 706 1457 750 Nicomachum
1484 706 1565 763 ¹²2)
1579 739 1589 757 ,

176 783 300 826 etiam
330 783 576 826 Xenotimus
604 782 685 841 123)
720 789 762 825 et
790 782 961 825 fortasse
990 783 1176 835 Lacritus
1204 781 1302 840 ³²⁴).

233 858 431 915 Sequitur
469 858 606 901 statim
643 858 850 900 Tisameni
884 857 1140 915 psephisma,
1187 858 1305 900 cuius
1335 871 1433 901 sane
1464 869 1591 899 causa

174 933 310 976 multo
339 932 491 975 melior
519 938 582 975 est
609 947 738 989 quam
767 932 1011 975 Patroclidis
1039 931 1338 989 psephismatis.
1409 930 1495 973 Nec
1524 937 1586 972 ta-

174 1022 271 1049 men
301 1006 508 1050 dimittere
539 1022 708 1064 possum
738 1007 825 1049 sine
857 1006 998 1063 aliqua
1027 1005 1397 1048 animadversione.

234 1080 298 1123 De
337 1086 480 1127 nostro
506 1080 790 1137 psephismate
834 1079 1100 1139 dignissimus
1128 1086 1190 1123 est
1233 1081 1307 1137 qui
1351 1078 1593 1123 conferatur

172 1153 247 1197 Fr.
278 1153 332 1197 A.
373 1153 509 1211 Wolf,
556 1154 667 1197 Prol.
710 1154 763 1197 ad
791 1156 909 1199 Dem.
957 1156 1070 1212 Lept.
1112 1170 1152 1211 p.
1186 1169 1329 1200 cxxrx.
1401 1153 1592 1202 Eundem

172 1234 364 1272 nostrum
394 1228 661 1273 Tisamenum
690 1229 979 1287 tangi-putat,
1006 1230 1100 1287 Lys.
1133 1244 1169 1272 e.
1200 1229 1359 1272 Nicom.
1392 1230 1412 1284 §
1440 1229 1535 1280 28.;
1569 1243 1593 1270 e

172 1318 257 1360 quo
286 1302 380 1347 loco
408 1304 672 1360 patetetiam
696 1304 962 1364 Tisamen-um
993 1321 1016 1347 e
1045 1304 1382 1363 vigintivirorum
1412 1318 1590 1347 numero

171 1377 308 1421 fuisse.
348 1377 627 1422 conferantur
655 1385 872 1435 praeterea
902 1378 1058 1421 scholia
1083 1378 1136 1421 ad
1164 1378 1288 1427 Arist.
1314 1377 1497 1421 Acharn.
1526 1393 1586 1421 vs.

175 1452 260 1495 603
294 1458 335 1495 et
364 1452 470 1495 Avv.
497 1467 558 1496 vs.
587 1452 658 1497 31.

229 1526 426 1584 Pugnare
455 1532 597 1575 autem
625 1526 842 1575 nonnullis
860 1527 941 1586 ¹2⁵)
976 1527 1064 1570 visa
1094 1533 1193 1570 sunt
1221 1526 1497 1585 psephismata
1521 1527 1589 1569 Ti-

169 1601 328 1643 sameni
357 1608 398 1643 et
422 1599 574 1647 Dioclis
604 1601 717 1658 apud
746 1602 863 1645 Dem.
896 1602 1000 1645 Tim.
1034 1603 1055 1656 ᾗ
1081 1603 1153 1646 42.
1195 1597 1297 1646 ⁴=Vix
1330 1608 1448 1658 puto.
1497 1601 1591 1643 Sci-

170 1674 268 1717 licet
296 1674 447 1717 Dioclis
481 1674 550 1718 lex
580 1675 639 1718 sic
669 1675 915 1732 explicanda
944 1674 1131 1717 videtur:
1175 1691 1247 1718 cur
1275 1675 1439 1718 Diocles
1467 1690 1589 1718 suam

169 1748 307 1807 legem
345 1749 624 1806 proposuerit,
670 1764 757 1792 non
796 1765 902 1806 opus
940 1756 1002 1792 est
1035 1755 1225 1806 repetere
1261 1756 1355 1806 post
1390 1749 1589 1793 disertam

168 1822 486 1880 explicationem
523 1824 652 1881 ipsius
688 1823 976 1869 Demosthenis
1011 1824 1202 1882 sequenti
1227 1825 1262 1879 §-
1323 1823 1437 1867 Nihil
1473 1823 1590 1866 aliud

169 1897 303 1940 voluit
332 1899 492 1947 sancire
520 1898 599 1946 nisi
628 1898 729 1941 hoc:
773 1899 817 1941 in
846 1905 1059 1956 posterum
1091 1899 1284 1941 omnibus
1314 1898 1478 1956 legibus
1508 1898 1589 1941 ad-

168 1971 434 2018 seri-bendum
464 1978 543 2025 est,
575 1986 643 2017 eas
672 1973 816 2031 vigere
840 1987 866 2015 a
891 1987 976 2030 quo
1002 1972 1072 2015 die
1101 1971 1286 2030 perlatae
1315 1979 1435 2025 sunt;
1477 1972 1589 2016 idem

168 2045 249 2088 hoc
278 2046 558 2098 γραμματεύς
585 2046 791 2089 adscribat
820 2047 869 2089 iis
898 2047 1081 2105 legibus,
1112 2062 1223 2104 quae
1251 2054 1345 2104 post
1373 2047 1589 2090 Euclidem

169 2119 354 2177 perlatae
378 2127 497 2173 sunt,
529 2121 607 2164 nisi
631 2121 889 2165 contrarium
920 2122 963 2165 in
994 2121 1087 2180 lege
1117 2122 1205 2178 ipsa
1233 2128 1458 2174 statuatur3
1493 2127 1587 2164 tan-

170 2194 289 2236 dem:
337 2195 482 2252 vigent
519 2210 664 2238 omnes
704 2210 777 2238 eae
817 2196 951 2254 leges,
1000 2210 1107 2253 quae
1142 2195 1223 2246 ¹sub
1252 2195 1424 2245 Euclide
1454 2195 1589 2239 factae

170 2275 268 2314 sunt
298 2275 342 2312 et
378 2284 474 2321 eae,
516 2284 624 2327 quae
661 2276 758 2314 ante
792 2269 1003 2314 Euclidem
1017 2304 1027 2322 ,
1069 2270 1112 2314 h.
1139 2287 1175 2314 e.
1218 2276 1267 2314 ut
1297 2272 1584 2328 unusquisque

208 2452 265 2498 ¹²²)
288 2455 334 2487 Cf.
356 2456 532 2487 vermooten
558 2455 698 2506 Wffisep,
723 2455 841 2487 dissert.
863 2455 900 2487 de
924 2456 994 2500 LyS.
1019 2457 1134 2489 Nicom.
1148 2458 1156 2466 ⁸
1173 2456 1284 2500 Bergk.
1308 2462 1374 2499 post
1397 2456 1512 2490 Andoc.
1538 2458 1591 2490 Ed.

354 2495 586 2508 wne-..fl
661 2497 1104 2514 „wmm‚„.mffl

163 2510 304 2543 Schiller.

208 2565 264 2610 123)
288 2568 378 2600 Isocr.
392 2569 510 2602 callim.
523 2570 540 2613 ᾗ
551 2571 605 2601 11.
621 2568 750 2601 Scheibe
761 2592 772 2620 ,Δ
783 2568 833 2600 die
846 2568 1592 2620 ⁰¹igaf‘ffiisshepmwfflffissffljlff.fflssssfflfl·

207 2622 264 2667 124)
289 2624 334 2656 Ps.
359 2625 439 2657 Plut.
463 2627 536 2658 Vitt.
561 2627 600 2659 X.
616 2614 830 2659 mitada.
850 2638 882 2670 p.
898 2612 1177 2658 8”3“”7”[λωῖζὼῗιῗκὸ
1176 2626 1350 2666 Hermann,
1374 2626 1451 2658 fiber
1470 2628 1590 2671 Gesetz,

162 2679 391 2725 Geselzgebung
416 2693 449 2713 u.
475 2682 712 2727 gesetzgebende
731 2682 861 2715 Grewalt.
893 2682 1056 2725 Gottingen
1084 2682 1182 2714 1849.
1204 2694 1236 2725 p.
1253 2684 1309 2715 50.
1331 2690 1397 2715 not.
1422 2685 1498 2716 198.

208 2735 264 2781 125)
288 2738 357 2768 Mei.
384 2736 422 2768 de
447 2738 543 2770 Bonn.
571 2739 677 2771 Damn.
703 2750 733 2782 p.
757 2740 810 2770 71.
834 2750 864 2770 n.
887 2739 966 2771 233.
1003 2739 1104 2771 Herm.
1133 2739 1354 2772 Staalsalterth.
1378 2741 1395 2782 §
1419 2743 1493 2772 169.
1523 2744 1574 2775 10.

1315 2802 1341 2841 4
1357 2800 1378 2821 *x

1667 2589 1716 2611 ἃ..
