1774 3036
841 115 895 159 45

163 260 407 315 γράψασθαι
434 261 519 306 und
546 256 720 309 ἐνδεῖξαι
752 256 860 299 nicht
889 264 1006 301 tenter
1038 257 1105 301 die
1134 256 1286 299 Atimie
1310 252 1424 297 κατὰ
1451 265 1574 305 προσ·-

161 334 317 386 τοὶξεις.
389 334 477 377 Wir
506 335 662 376 konnen
689 331 799 374 nicht
828 333 975 375 andere
1004 332 1067 374 als
1094 333 1174 375 den
1202 329 1439 374 Andokides
1466 327 1577 370 einer

161 409 432 465 unloqischem
474 414 622 451 masten
649 404 867 461 Mieohunq
901 407 1113 462 anklayen.
1174 406 1208 447 E
1237 405 1453 463 disputatis
1483 408 1581 449 satis

161 483 244 526 iam
283 482 497 540 apparuit,
539 480 640 539 quid
676 481 721 523 in
759 478 824 522 his
853 485 1062 522 mutatum
1090 478 1257 523 vellem.
1325 480 1375 523 In
1405 480 1576 524 univer-

161 571 256 600 sum
284 563 426 600 autem
455 561 603 599 auctor
631 569 723 599 rem
753 568 834 596 acu
862 553 1044 611 tetigisse
1072 552 1250 596 videtur.

218 632 413 676 Ceterum
451 628 694 687 perdifficile
726 633 789 677 est
818 626 870 671 de
899 626 1011 671 hisce
1040 626 1165 670 rebus
1195 625 1354 685 aliquid
1377 632 1576 679 statuere,

161 721 260 749 cum
294 705 416 748 nulla
455 705 611 747 mentio
640 702 753 761 apud
783 703 885 746 alios
914 703 1137 759 scriptores
1166 707 1312 745 exstat.
1383 701 1580 745 Attamen

159 778 240 821 hoc
267 777 499 821 notandum
529 783 610 821 est:
640 776 800 835 legitur
827 775 870 819 h.
886 775 937 819 l.:
970 774 1048 820 οἷον
1066 777 1100 819 οἱ
1126 778 1372 830 spamam-m,
1405 772 1485 824 οἷς,
1518 773 1579 818 ὅτι

162 853 382 905 ἐπέμειναν
414 852 481 895 ἐπὶ
513 856 592 894 τῶν
624 849 824 910 QQV
859 851 900 893 ἐν
933 857 985 905 τῇ
1016 850 1157 899 πόλει,
1199 850 1257 892 τοὶ
1288 850 1366 900 μὲν
1396 847 1499 891 ἄλλ’
1529 846 1580 898 ἦν
1636 859 1639 861 ·

160 926 267 981 ἅπερ
298 931 383 974 τοῖς
413 925 559 974 ἄλλοις
593 925 807 974 πολίταις,
846 925 977 968 εἰπεῖν
1010 924 1045 967 δ’
1078 925 1119 967 ἐν
1148 924 1206 977 τῷ
1238 924 1352 977 δήμῳ
1385 925 1457 967 οὐκ
1484 923 1578 975 ἐξῆν

167 1000 342 1074 [αὐτοῖς]
384 1001 472 1043 οὐδὲ
509 1000 753 1052 βουλεῦσαι.
816 999 1005 1056 Tyranni
1041 998 1115 1055 qui
1143 997 1186 1041 h.
1208 997 1238 1042 l.
1269 997 1470 1041 dicuntur
1498 1013 1579 1041 ne-

163 1045 338 1118 cessario
376 1079 474 1117 sunt
509 1072 817 1132 Quadringenti
845 1073 932 1125 isti,
980 1072 1031 1116 de
1062 1072 1214 1129 quibus
1243 1070 1548 1129 Thucydides
1536 1086 1579 1113 111

161 1147 243 1191 fine
281 1149 430 1205 operis.
500 1146 582 1190 Sed
618 1161 706 1190 non
743 1146 843 1190 novi
877 1146 993 1190 aliud
1027 1146 1297 1205 exemplum,
1331 1146 1405 1189 ubi
1432 1145 1476 1189 hi
1493 1145 1579 1211 οἶό-

162 1221 544 1290 ‘’Qfflljffiffifflt·
607 1221 791 1265 Gravius
818 1236 920 1265 vero
949 1228 1012 1265 est
1040 1221 1170 1265 illud:
1212 1222 1305 1279 quis
1340 1208 1443 1264 istos
1449 1204 1579 1264 'Tmil'i-

163 1303 225 1340 tes
253 1296 426 1341 infamia
464 1296 653 1340 notavit?
707 1297 821 1340 Num
860 1295 1168 1356 Quadringenti
1191 1296 1299 1354 ipsi?
1338 1295 1452 1340 haud
1480 1311 1580 1340 sane

162 1371 390 1428 probabile.
450 1373 562 1414 Num
601 1370 726 1414 factio
765 1371 1034 1414 Theramenis
1063 1377 1106 1414 et
1135 1371 1315 1415 aliorum
1328 1404 1340 1424 ‚
1383 1372 1457 1428 qui
1484 1377 1579 1428 post

164 1451 362 1502 quattuor
391 1460 552 1489 menses
580 1443 895 1504 oligarchorum
924 1444 1150 1501 imperium
1180 1445 1448 1488 everterunt?
1502 1444 1579 1486 Mi-

163 1521 276 1564 nime
306 1519 495 1571 credam,
528 1519 582 1562 ob
611 1518 916 1577 Thucydidem,
949 1519 1024 1576 qui
1047 1519 1162 1563 V111.
1182 1519 1253 1562 93.
1285 1518 1432 1562 tradit:
1459 1518 1581 1570 ξυνε-

163 1594 356 1649 χώρησαν
391 1610 439 1637 τε
477 1593 547 1640 ὅς’
578 1595 619 1642 ἐς
658 1592 814 1648 ἡμέραν
844 1593 966 1648 ῥητὴν
999 1592 1225 1643 ἐκκλησίαν
1252 1598 1421 1643 ποιῆσαι
1452 1593 1493 1636 ἐν
1524 1593 1582 1647 τῷ

164 1667 360 1722 Διονυσίῳ
388 1666 478 1721 περὶ
509 1666 756 1720 ὁμονοίας.
818 1667 870 1709 In
899 1681 985 1724 quo
1012 1667 1183 1725 negotio
1212 1666 1424 1724 quomodo
1451 1666 1582 1710 Athe-

164 1743 327 1786 nienses
359 1757 403 1784 se
437 1741 658 1799 gesserint,
700 1740 840 1799 pergit
867 1740 1034 1800 tradere
1068 1756 1105 1784 c.
1139 1741 1218 1794 97;
1262 1748 1389 1798 atque
1418 1741 1584 1785 subiicit

164 1817 266 1860 hoc:
309 1817 416 1870 κούχ
451 1814 576 1866 ἤκιςα
613 1814 660 1864 δὴ
693 1815 763 1857 τὸν
799 1817 955 1868 πρῶτον
984 1813 1127 1869 χρόνον
1159 1814 1230 1858 ἐπί
1262 1816 1307 1867 γ’
1337 1816 1438 1867 ἐμοῦ
1463 1815 1585 1865 ’Aon-

165 1896 269 1935 ναῖοι
296 1891 517 1945 φαίνονται
547 1886 593 1934 εὖ
623 1889 962 1937 πολιτεύσαντες.
1026 1888 1203 1935 Videtur
1230 1889 1380 1948 igitur,
1413 1890 1586 1933 minime

166 1980 253 2011 esse
267 1964 507 2017 verisimile,
531 1964 644 2021 quod
657 1961 892 2007 Andocides
905 1961 1048 2016 tradit;
1071 1961 1261 2021 profecto
1274 1978 1362 2009 non
1378 1962 1588 2009 laudasset

166 2041 213 2084 T.
244 2054 335 2091 eos,
367 2039 442 2095 qui
469 2038 598 2082 talem
626 2036 704 2081 sibi
732 2036 784 2080 de
808 2036 1055 2081 adversariis
1078 2036 1305 2082 vindictam
1318 2039 1585 2083 sumsissent.

167 2112 350 2158 Tandem
374 2128 461 2157 non
484 2111 754 2172 intelligitur,
782 2111 930 2170 quales
952 2111 997 2155 hi
1020 2115 1243 2166 ςρατιῶται
1263 2111 1434 2156 fuerint.
1465 2112 1587 2156 Certe

168 2203 279 2231 mn
309 2202 348 2230 v.
371 2187 424 2231 cl.
455 2186 536 2231 hac
563 2187 607 2231 in
636 2203 685 2231 re
714 2201 914 2245 magnam
944 2185 1232 2230 difficultatem
1261 2187 1418 2243 optime
1447 2188 1587 2233 sensit.

187 2312 190 2315 Δ
226 2264 335 2307 Huic
377 2262 624 2320 expositioni
666 2261 718 2306 de
760 2261 939 2306 Infamia
988 2259 1222 2305 Andocides
1266 2261 1405 2306 statim
1450 2262 1584 2306 addit:

166 2340 290 2382 ταῦτ’
337 2334 402 2381 οὖν
448 2336 720 2391 ».ἔι,ῑιι16]ἷ>ιό·αο·θει
753 2337 980 2390 ἐξαλεῖψαι
1020 2334 1166 2379 πάντα
1207 2335 1264 2378 τὰ
1302 2336 1585 2391 ψηφίσματα.

168 2414 302 2456 Itanei
374 2413 614 2455 Fueruntne
648 2410 790 2464 ἄτιμοι
830 2425 975 2454 omnes
1003 2409 1191 2454 damnati
1217 2412 1358 2468 populi
1386 2411 1590 2456 decretis?

170 2487 277 2533 Nam
308 2486 360 2530 de
388 2485 566 2530 Infamia
594 2486 683 2544 ipsa
712 2500 845 2543 aeque
874 2485 1013 2529 minus
1037 2491 1171 2543 potest
1198 2484 1377 2544 intelligi
1404 2484 1486 2527 hoc
1514 2499 1588 2528 vo-

171 2560 391 2614 cabulum,
435 2577 532 2606 cum
561 2560 613 2605 de
651 2559 726 2604 tali
754 2575 802 2603 re
841 2561 948 2618 leqes
987 2566 1139 2612 essent,
1176 2574 1261 2602 non
1292 2560 1587 2617 psephismezta.

172 2637 391 2679 Praeterea
420 2636 463 2679 in
494 2636 583 2693 ipso
607 2633 849 2679 Patroclidis
877 2634 1172 2694 psephismate,
1208 2634 1329 2693 'quod
1358 2635 1497 2680 statim
1526 2649 1588 2678 se-

173 2712 339 2770 quitur,
372 2710 491 2755 nulla
519 2709 566 2755 fit
594 2712 920 2772 psephismatum
951 2711 1119 2758 mentio,

1683 858 1714 885 M
