1774 3036
879 162 935 208 37

192 315 309 347 mum
333 303 507 358 ἀτιμίαις
539 316 692 362 genus,
723 315 809 346 non
840 301 950 361 fugit
984 301 1325 346 Wacksmuthium
1354 302 1427 359 qui
1455 301 1507 345 de
1532 301 1609 345 hoe

191 378 284 421 Ioco
321 378 420 423 dicit
447 378 529 437 ⁸8):
572 378 749 422 Seueam
786 390 920 434 yenuq
957 378 1121 434 umqeht
1155 376 1390 422 Andokides
1406 377 1612 421 Mer—das

189 452 422 509 eiyqntliohe
468 452 609 497 Wesen
648 454 724 496 der
766 450 940 505 mimia,
981 454 1057 495 das
1088 453 1141 510 ja
1174 451 1410 509 keinesweqs
1448 451 1493 494 in
1537 453 1611 494 der

188 528 344 570 Schuld
353 528 426 571 ‘des
439 526 672 585 Doppelten
686 525 772 569 und
785 526 877 569 dem
893 524 1238 583 Gsstefverkause,
1262 528 1435 570 sondern
1454 526 1498 568 in
1518 526 1611 569 dem

189 602 248 644 bie
287 608 348 644 ια’
380 603 455 646 der
492 601 686 658 Zahluny
726 601 825 644 oder
863 601 956 644 dem
996 599 1323 659 G‘iuerverkaufe
1366 601 1609 645 wahrenden

188 677 396 721 Zustande
424 678 495 720 des
522 676 771 720 schaldum
798 677 880 733 lay.

245 751 324 794 Cui
352 749 458 793 nihil
487 749 725 794 addendum
754 748 899 793 habeo.
962 748 1045 793 Sed
1073 748 1361 793 examinemus
1391 748 1571 807 singula.

246 825 301 867 Οἱ
312 885 314 887 ,
342 824 419 877 μὲν
454 823 929 888 ἆιζῒέβέεζψρςὶἐίλφντξς.
947 824 1230 884 retentoris»-
1294 825 1470 881 Semper
1509 825 1605 867 sim-

187 883 549 955 plffiitessdicitur:
595 899 629 941 οἱ
667 899 743 951 μὲν
783 898 1020 953 ὀφείλοντες
1050 899 1107 952 τῷ
1143 898 1334 952 δημοσίῳ.
1389 899 1607 942 Neminem

188 973 287 1016 novi
310 980 478 1031 praeter
497 972 692 1026 Suidam,
719 973 793 1030 qui
814 972 984 1017 alicubi:
1013 974 1047 1015 οἱ
1073 973 1282 1026 χρήματα
1311 974 1383 1026 ὀφ.
1407 990 1447 1015 τ.
1469 974 1505 1015 δ.
1530 974 1607 1032 8⁹).

243 1049 442 1106 Sequitur
469 1047 606 1092 ὀπόσοι
640 1048 809 1097 εὐθύνας
840 1047 1015 1104 ὤφειλον
1038 1047 1117 1107 ⁹⁰).
1179 1047 1377 1092 Certatim
1406 1049 1498 1094 VV.
1521 1049 1605 1092 DD.

184 1138 387 1181 reponere
421 1123 648 1167 voluerunt
677 1120 838 1179 ὦφλονς
882 1123 954 1166 sed
984 1122 1151 1166 videant
1180 1138 1235 1166 ne
1265 1129 1480 1166 auctorem
1516 1138 1608 1166 cor-

184 1198 347 1256 rigant,
385 1213 484 1241 cum
513 1197 732 1241 librarium
761 1197 924 1241 volunt.
994 1197 1244 1241 Incredibile
1273 1204 1357 1250 est,
1401 1204 1608 1254 quantum

183 1272 227 1315 iu
257 1272 410 1316 talibus
438 1271 565 1316 rebus
593 1271 819 1315 titubatum
849 1272 913 1315 sit.
976 1273 1089 1315 Num
1118 1287 1159 1316 v.
1177 1286 1213 1315 c.
1240 1271 1386 1329 Dynias
1409 1287 1446 1315 c.
1478 1272 1607 1330 Ager.

184 1348 205 1402 ᾗ
237 1346 307 1390 65.
349 1346 487 1391 dicere
530 1347 689 1405 potuit:
732 1346 1018 1407 συκοφαντίας
1066 1348 1195 1390 αὐτοῦ
1253 1345 1492 1399 κατέγνωτε
1539 1346 1609 1388 καὶ

184 1420 422 1475 ὤφλησεν
462 1422 560 1473 ὑμῖν
588 1420 738 1474 μυρίοις
769 1420 999 1474 δραχμάςὲ

245 1493 358 1548 Quid
401 1494 453 1538 sit
492 1494 692 1546 ἐξούλας,
735 1492 910 1549 γραφάς
949 1500 1024 1538 aut
1052 1494 1257 1547 ἐπιβολὰς
1288 1495 1437 1549 ὀφλεῖν
1468 1494 1610 1539 docuit

179 1568 435 1631 kelmeldus
452 1568 529 1627 ⁹¹).
592 1569 674 1611 Sed
703 1569 916 1611 neminem
945 1569 1172 1626 poenitebit
1200 1569 1252 1612 de
1280 1568 1362 1612 hoc
1387 1569 1480 1612 loco
1510 1585 1609 1612 con-

185 1641 358 1685 suluisse
381 1643 608 1686 Bo'ckhium
625 1642 709 1702 ⁹²),
740 1643 814 1700 qui
842 1642 947 1686 haec
971 1644 1113 1687 omnia
1136 1644 1194 1687 ita
1217 1650 1386 1696 tractat,
1419 1651 1468 1687 ut
1487 1660 1612 1687 nemo

184 1715 415 1773 quidquam
441 1731 699 1775 magnopere
723 1715 1033 1761 desideraturus
1057 1718 1121 1762 sit.
1159 1718 1355 1761 Attamen
1385 1733 1471 1761 una
1500 1719 1543 1760 in
1566 1732 1612 1760 re

183 1790 237 1834 ab
281 1805 331 1833 eo
375 1789 633 1835 dissentiunt.
705 1791 871 1835 Scilicet
914 1791 1089 1846 γραφὰς
1133 1794 1281 1847 ὀφλεῖν
1322 1793 1499 1835 Meierus
1523 1792 1606 1849 ³³),

183 1880 371 1921 quocum
401 1866 605 1907 consentit
633 1865 902 1922 Lelyveldus,
932 1865 1130 1924 intelligit
1153 1866 1204 1909 de
1228 1866 1299 1919 iis,
1334 1867 1407 1923 qui
1431 1867 1610 1910 mulctas

183 1954 208 1982 a
233 1938 391 1996 populo
411 1945 453 1981 et
477 1938 630 1981 iudicio
652 1939 864 1995 impositas
886 1937 1075 1980 nondum
1096 1937 1367 1995 pependisset.
1400 1938 1609 1982 Bockhius

183 2018 331 2055 contra
375 2011 427 2054 de
471 2011 799 2064 accusatoribus,
845 2012 992 2068 quiin
1031 2011 1201 2069 publica
1245 2026 1372 2055 causa
1418 2013 1607 2070 quintam

183 2086 376 2144 suffragii
414 2092 578 2143 partem
621 2101 708 2129 non
748 2085 951 2129 tulissent.
1019 2085 1101 2129 Sed
1140 2086 1233 2143 quis
1271 2086 1386 2129 litem
1416 2086 1603 2138 dirimet,

182 2175 281 2204 nam
315 2159 507 2218 exempla
546 2159 766 2204 locutionis
802 2160 978 2216 γρωφδις
1015 2162 1163 2215 ὀφλεῖν
1206 2174 1292 2203 11011
1337 2166 1499 2203 exstare
1536 2161 1601 2202 vi-

184 2235 368 2278 dentur?

242 2307 566 2366 'transgreditur
587 2307 820 2352 Andocides
839 2307 892 2352 ad
915 2307 1178 2365 publicanos,
1201 2322 1307 2366 quos
1326 2309 1465 2352 minus
1487 2315 1596 2352 recte

218 2487 249 2511 ⁸⁸
285 2489 320 2521 L.
343 2488 366 2521 1.
414 2511 425 2521 .
449 2488 527 2520 197.
551 2488 609 2519 34.

219 2488 264 2587 ως
287 2499 439 2589 [Αγιρρ.
452 2545 533 2577 240.
558 2542 675 2576 Nubem
687 2543 896 2587 exemplorum
909 2544 1120 2600 supffiditabit
1132 2545 1219 2579 Petit.
1234 2546 1530 2602 Legg'AffiAEJ-„w4
1543 2557 1605 2590 sqq.

222 2587 693 2644 θῠΓοῐᾟεῖῐΐῦΐὲΞῖΤῖῖῐ·
713 2600 818 2644 Leiyv.
844 2613 872 2635 e.
896 2602 1049 2635 xxxvn.
1145 2592 1333 2605 ””“““’··”·““·

221 2655 264 2698 ⁹1)
286 2656 378 2698 capp.
404 2657 584 2697 XXXVIII,
609 2656 764 2696 xxxlx,
790 2656 870 2689 XLI.

220 2710 262 2755 9²)
285 2712 356 2745 Oec.
382 2713 441 2745 civ.
468 2714 492 2745 1.
519 2724 551 2756 p.
568 2714 637 2745 362
659 2723 723 2758 sqq.

220 2768 263 2813 33)
288 2770 329 2801 De
351 2771 424 2801 Bon.
446 2770 552 2801 Damn.
580 2780 610 2812 p.
633 2771 708 2800 137.

1692 845 1723 865 It

1726 1575 1765 1603 1!
