1774 3036
865 122 917 164 61

185 279 266 322 que
296 262 415 321 legis,
448 276 574 319 quam
604 259 754 304 Callias
778 258 1034 302 confundere
1058 260 1269 326 arguitur3
1303 274 1431 317 porro
1460 260 1593 318 expli-

185 338 387 383 cationem
407 334 711 396 vocabulorum
736 333 912 387 κηρύκων
940 332 990 377 ὧν
1014 336 1095 389 οὐχ
1115 333 1241 386 anm
1266 337 1357 383 VV.
1376 335 1460 379 DD.
1483 336 1594 379 enim

107 463 109 465 ,
184 413 444 457 coniecturae
473 426 558 454 non
597 408 867 468 satisfaciunt.
912 410 1043 453 Porro
1066 425 1153 453 non
1181 410 1453 470 intelligitur,
1490 424 1595 467 quo-

183 487 307 531 modo
329 485 560 530 Andocides
585 484 812 542 praeterire
842 485 1024 541 potuerit
1043 499 1221 542 poenam
1244 485 1416 529 Calliae:
1448 485 1530 528 hoc
1557 484 1598 527 ei

182 562 326 605 saltem
356 561 528 617 impune
556 573 643 601 non
673 564 836 616 poterat
865 573 973 600 esse:
1017 560 1282 613 καταφανὴς.
1303 555 1348 607 ἦν
1374 565 1425 613 τῇ
1460 559 1595 612 βουλῇ

181 637 304 685 αὐτὸς
336 635 416 683 θεὶς
447 635 520 683 τὴν
552 633 772 687 ἱκετηρίαν.
822 631 1030 676 -Tandem
1059 633 1179 676 sicuti
1209 632 1367 677 factum
1397 639 1597 675 narratur

181 711 293 769 apud
321 708 597 761 Andocidem,
635 708 785 752 Callias
814 723 900 751 non
930 707 1066 759 solum
1097 708 1224 765 impie
1254 708 1340 766 egit
1369 705 1441 749 sed
1470 707 1596 749 etiam

180 785 306 829 stulte
336 790 382 826 ut
411 783 515 826 nihil
538 797 686 840 supra3
715 797 814 825 nam
838 797 892 824 ne
916 782 1166 839 intelligitur
1190 781 1358 839 quidem
1384 779 1596 838 quomodo

94 836 115 887 »ν
180 859 305 902 finem
335 873 458 902 suum
488 857 650 914 assequi
671 856 880 914 potuisset.
928 857 1061 899 Nemo
1081 856 1193 899 enim
1216 855 1455 908 mirabitur,
1483 854 1597 913 quod

181 935 337 993 legitur
365 935 385 989 ᾗ
420 934 527 976 112:
560 929 652 988 κᾷθ’
676 931 694 973 ὃ
718 931 845 986 κῆρυξ
873 932 1068 985 ἐκήρυττε
1098 931 1162 978 τίς
1187 931 1260 980 τὴν
1290 930 1495 983 ἱκετηρίαν
1519 946 1596 972 κα-

180 1008 348 1059 ταθείη,
380 1007 450 1050 καὶ
475 1006 602 1055 οὐδεὶς
635 1006 858 1057 ὑπήκουενς
892 1011 1006 1063 patet
1029 1020 1129 1048 vero
1153 1021 1177 1048 e
1201 1006 1222 1061 §
1251 1005 1349 1048 114.
1378 1004 1596 1048 ὑπακούειν

180 1084 260 1127 hoc
288 1098 413 1126 sensu
440 1082 551 1125 idem
566 1082 666 1135 fesse
696 1081 810 1138 quod
839 1081 1074 1133 ὄμολογεῖν.

239 1157 321 1201 Sed
359 1155 474 1200 aliud
509 1154 610 1212 quid
637 1154 870 1198 notandum
900 1160 961 1197 est
990 1156 1010 1210 §
1044 1155 1147 1207 121,
1192 1153 1265 1197 ubi
1294 1153 1467 1212 legitur:
1500 1160 1596 1201 ταῖς
1650 1142 1656 1143 ⁷

181 1233 215 1275 δ’
245 1230 380 1276 εἰκάσι
412 1229 620 1284 μυςηρίοις
651 1229 834 1279 τούτοις,
875 1230 964 1278 δοὺς
996 1229 1184 1283 Κηφισίῳ
1215 1228 1364 1283 χιλίας
1399 1228 1597 1282 δραχμὰς

181 1305 400 1350 ἐνδείκνυσί
439 1321 495 1357 με
531 1303 602 1347 καὶ
636 1304 694 1351 εἰς
730 1304 799 1347 τὸν
831 1304 978 1355 ἀγῶνα
1010 1306 1153 1347 τοῦτον
1195 1303 1423 1353 nabaz-now.
1484 1301 1598 1345 Mille

180 1380 404 1425 drachmae
433 1377 704 1436 probabiliter
732 1377 853 1421 datae
881 1377 999 1421 fuere
1029 1378 1240 1436 Cephisio,
1271 1393 1325 1421 ne
1356 1377 1456 1435 quid
1485 1378 1597 1435 peri-

181 1456 413 1506 clitaretur,
459 1454 494 1497 si
532 1453 722 1511 quintam
760 1453 1060 1512 suffragiorum
1101 1459 1264 1511 partem
1303 1467 1389 1496 non
1420 1451 1591 1496 tulisset.

180 1529 263 1573 Sed
293 1543 472 1587 quaem,
504 1543 608 1571 num
638 1534 826 1585 tempore
854 1527 1162 1571 Eleusiniorum
1194 1529 1491 1586 mysteriorum
1520 1542 1596 1570 ac·-

181 1604 336 1647 tionem
374 1603 590 1645 instituere
630 1602 792 1646 licitum
824 1602 973 1655 fuerit;
1015 1602 1127 1660 quod
1156 1602 1400 1661 negandum
1431 1601 1597 1645 videtur

179 1677 233 1720 ob
268 1677 386 1719 Dem.
425 1673 520 1717 Mid.
554 1676 574 1730 §
607 1675 663 1718 10
697 1690 785 1732 sqq.
799 1708 810 1728 ,
856 1675 929 1718 ubi
967 1675 1165 1728 traditur,
1214 1674 1315 1733 quid
1354 1675 1444 1718 aliis
1483 1675 1597 1719 festis

179 1750 324 1795 diebus
361 1749 467 1807 legis
506 1748 644 1792 fuerit.
705 1749 876 1793 Accedit
912 1749 1025 1807 quod
1054 1750 1263 1794 Eleusinia
1297 1749 1501 1794 celebrari
1529 1765 1594 1794 so-

179 1825 321 1870 lebant
345 1823 385 1868 d.
412 1824 490 1869 XV
514 1838 571 1867 m.
597 1823 837 1868 Boedrom.:
871 1832 1010 1868 sextus
1031 1832 1173 1869 autem
1194 1824 1280 1869 dies
1305 1825 1452 1869 ceteris
1471 1826 1598 1869 etiam

180 1907 271 1943 erat
293 1899 536 1942 solemnior:
557 1898 798 1942 'censendus
820 1900 952 1958 igitur
969 1907 1031 1943 est
1054 1915 1104 1942 eo
1127 1900 1217 1957 ipso
1242 1899 1327 1953 die,
1354 1901 1478 1942 ΧΧ·“ο
1503 1899 1593 1944 scil.

180 1990 236 2017 m.
267 1971 485 2016 Boedrom.
534 1970 745 2028 Cephisius
773 1972 995 2015 instituisse
1024 1973 1230 2016 actionem
1249 1972 1348 2032 ¹⁴⁷).

238 2047 385 2090 Statim
414 2045 620 2102 sequitur:
662 2045 800 2095 ἐπειδὴ
845 2046 879 2088 δ’
918 2046 1021 2099 ἑώρα
1059 2063 1115 2099 με
1151 2046 1430 2100 ὑπομένοντα,
1463 2048 1595 2099 τίθησι

180 2124 252 2173 τὴν
292 2119 524 2175 ἱκετηρίαν,
569 2120 621 2168 ὥς
661 2120 735 2172 ἐμὲ
779 2121 855 2172 μὲν
894 2122 1128 2165 ἀποκτενῶν
1164 2121 1327 2175 ἄκριτον
1364 2122 1387 2172 ἢ
1418 2122 1591 2174 ἐξελῶν,

180 2200 239 2241 αὖ
251 2197 333 2244 τὸς
370 2195 417 2238 δὲ
447 2195 636 2243 πείσας
681 2195 868 2249 Λέαγρον
897 2197 1088 2249 χρήμασι
1124 2198 1365 2247 συνοικήσων
1396 2204 1448 2252 τῇ
1476 2199 1596 2241 Ἐπι-

180 2272 305 2316 λύκου
341 2269 529 2323 θυγατρί.
591 2270 789 2328 Imperite
818 2269 976 2314 dictum
1016 2277 1088 2314 est.

238 2346 432 2388 Ceterum
476 2344 532 2396 τῷ
574 2343 772 2387 Καλλίου,
806 2344 900 2398 νόθῳ
934 2344 1014 2403 ¹⁴⁸)
1064 2360 1218 2389 nomen
1262 2345 1427 2390 videtur
1470 2345 1595 2389 fuisse

180 2417 431 2463 Protarchus
450 2424 461 2449 ¹
474 2416 551 2477 ⁴⁹).

220 2612 277 2657 147)
298 2612 434 2646 Bmhel.
457 2614 573 2647 Anach.
598 2615 663 2647 Vll.
685 2625 739 2658 pp.
762 2615 828 2646 174
852 2620 884 2645 et
909 2615 986 2646 180.

220 2667 277 2711 1⁴⁸)
300 2669 411 2712 Metag.
431 2679 481 2712 ap.
504 2668 606 2702 Schol.
632 2670 725 2703 Arist.
751 2669 858 2714 vespp.
880 2680 923 2701 vs.
948 2671 1046 2702 1221.

222 2723 280 2770 ¹¹¹⁹)
305 2726 402 2758 Vater.
428 2737 459 2769 p.
485 2726 539 2757 44.
