1774 3036
846 143 899 187 25

166 284 267 329 nolo
294 299 484 343 premere
507 286 678 329 incerta.
725 283 824 327 Mihi
847 289 987 328 autem
1018 281 1091 327 illa
1119 280 1247 326 verba
1270 282 1427 326 mirum
1447 295 1582 340 quan-

166 366 258 403 tum
287 360 443 419 frigere
476 358 684 402 videntur.
752 359 921 412 Quanto
951 358 1221 412 οὲττικώτερον
1250 356 1438 401 dixisset:
1481 358 1584 409 ἐμή-

166 449 260 477 νυσε
301 434 483 487 μυςῆρια
521 433 708 486 γίνεσθαι
750 432 793 475 ἔν
826 431 1071 479 Φιλοκλέους
1109 432 1150 474 ἐν
1188 432 1402 485 Θημακῷ,
1436 430 1586 474 ceteris

166 507 316 551 eiectis.
378 506 504 563 Quali
534 506 745 550 locutione
773 506 861 563 ipse
885 511 1032 549 auctor
1060 506 1194 549 utitur
1224 506 1245 561 §
1270 506 1343 549 42.

224 581 525 625 Gravissimum
569 586 709 625 autem
747 586 828 633 est,
874 578 988 638 quod
1020 580 1159 623 statim
1189 579 1399 637 sequitur:
1444 576 1584 621 Σπεύ-

167 672 317 704 σιππος
348 657 389 699 δὲ
422 654 965 709 βασιλεύων.·παραδίδωσιν
999 654 1149 702 αὐτοὺς
1178 655 1235 709 τῷ
1265 653 1481 706 δικαςηρίῳ
1509 650 1586 694 κᾶ-

167 731 272 774 πειθ’
314 730 332 771 ὅ
371 730 509 783 πατὴρ
547 730 795 780 καταςήσας
835 728 1052 782 ἐγγυητὰς
1087 726 1309 782 ἐγράψατο
1346 727 1415 769 τὸν
1447 725 1586 768 Σπεύ-

167 819 319 847 σιππον
359 803 629 856 παρανόμων,
671 803 742 846 καὶ
780 803 1010 855 ἠγωνίσατο
1050 804 1092 846 ἐν
1125 802 1428 856 ἑξακισχιλίοις
1465 800 1589 848 Ἀθη-

169 876 288 921 ναίων
300 910 313 926 ,
333 877 404 920 καὶ
424 877 644 929 μετέλαβε
663 877 839 922 δικαςῶν
858 876 1060 920 τοσούτων
1078 877 1167 920 οὐδὲ
1186 876 1397 923 διακοσίας
1416 875 1586 929 ψήφους

168 952 187 993 ὃ
221 951 509 999 Σπεύσιππος.
570 951 699 994 Miror
729 949 782 994 ad
802 950 918 995 hunc
943 950 1085 994 locum
1105 948 1296 993 nondum
1319 947 1584 992 animadver-

175 1038 267 1068 sum
309 1038 417 1075 esse,
464 1022 721 1067 Attice'dici
765 1022 951 1075 εἰσάγειν
993 1024 1051 1072 εἰς
1089 1023 1136 1067 τὸ
1189 1023 1478 1076 δικαςήριον
1517 1020 1589 1066 sed

169 1096 436 1151 παραδιδόναι
485 1098 542 1151 τῷ
588 1097 914 1152 δεσμωτηρίῳ
960 1104 1035 1141 aut
1080 1102 1190 1146 τοῖς
1227 1098 1314 1146 ια’,
1353 1102 1481 1154 atque
1508 1095 1589 1139 hoc

168 1171 423 1216 vocabulum
452 1171 657 1215 Andocidi
687 1171 947 1216 reddendum
978 1179 1040 1216 est
1062 1173 1138 1232 ⁶⁸).
1198 1173 1305 1216 cam
1334 1173 1368 1216 Ι.
1395 1170 1590 1214 Bekkero

170 1262 194 1289 e
223 1245 395 1289 Sluiteri
425 1246 666 1289 coniectura
695 1246 841 1303 scripsi
870 1246 1107 1299 βασιλεύων
1137 1260 1216 1303 pro
1244 1244 1477 1297 βουλεύωνς
1519 1242 1592 1286 sed

170 1334 413 1376 perperam,
461 1334 561 1363 nam
599 1319 854 1364 vocabulum
893 1319 945 1364 de
983 1319 1265 1363 Archontibus
1304 1334 1390 1362 non
1429 1318 1474 1361 in
1509 1332 1591 1360 usu

172 1399 233 1436 est
244 1392 320 1452 ⁶⁴).
362 1394 480 1436 Hanc
501 1394 625 1436 etiam
642 1394 889 1437 sententiam
909 1387 1178 1451 amplectitur
1197 1392 1272 1438 Th.
1288 1391 1498 1450 Bergkius
1510 1390 1588 1449 ⁶⁵),

173 1466 248 1522 qui
285 1465 491 1516 βουλεύων
531 1465 673 1511 scribit
709 1473 751 1510 et
788 1466 931 1510 locum
970 1467 1030 1511 sic
1070 1467 1267 1525 explicat:
1311 1467 1588 1524 Speusippus,

174 1538 249 1596 qui
278 1553 389 1581 unus
413 1553 437 1581 e
462 1539 700 1598 quingentis
729 1545 843 1592 erat,
872 1540 1010 1600 legem
1031 1540 1130 1585 tulit
1152 1541 1196 1585 in
1221 1542 1396 1593 Senatu,
1418 1546 1468 1584 ut
1490 1539 1594 1582 haec

175 1627 299 1657 causa
322 1613 367 1655 in
396 1611 598 1657 iudicium
628 1613 877 1658 deferretur.
938 1616 1032 1659 Non
1062 1615 1229 1659 videtur
1253 1615 1439 1673 Bergkio
1462 1615 1594 1671 Speu-

174 1687 314 1744 sippus
353 1699 542 1742 peccasse
577 1686 621 1730 in
661 1702 730 1740 eo,
773 1686 886 1745 quod
924 1687 1063 1747 legem
1093 1688 1256 1742 tulerit,
1287 1689 1520 1747 Leogoram
1549 1687 1594 1730 in

173 1762 239 1804 ius
268 1774 355 1803 esse
383 1758 642 1812 vocandum,
674 1760 748 1804 sed
773 1760 945 1804 fortasse
975 1761 1135 1819 aliquid
1163 1761 1334 1805 molitus
1362 1767 1425 1805 est
1449 1767 1596 1804 contra

175 1834 289 1893 leges
316 1834 360 1877 in
391 1835 552 1878 ratione
580 1834 721 1879 iudicii
749 1835 1028 1879 constituendi
1052 1842 1126 1880 aut
1149 1836 1192 1880 in
1218 1835 1343 1880 simili
1366 1835 1509 1893 aliqua
1532 1852 1592 1881 re.

175 1908 257 1953 Sed
288 1923 366 1952 cur
388 1909 593 1966 peculiari
622 1909 721 1968 lege
749 1909 801 1954 de
830 1911 1019 1968 Leogora
1042 1917 1182 1954 actum
1212 1912 1302 1954 est?
1333 1916 1429 1963 aut,
1461 1911 1495 1953 si
1525 1925 1594 1954 ea-

213 2061 257 2107 63)
281 2063 350 2096 Pari
373 2062 461 2096 modo
484 2063 502 2107 §
525 2065 582 2097 06.
602 2063 736 2108 legitur:
760 2064 983 2110 Διοκλείδην
1002 2064 1064 2107 μέν
1083 2067 1134 2111 τῷ
1157 2066 1354 2112 διιαςηρίῳ
1372 2064 1604 2112 fruemur-tec

169 2121 411 2156 ἀπεκτείνατε
441 2121 466 2154 l.
493 2121 735 2167 δεσμωτηρίῳ.
780 2122 828 2155 ef.
853 2121 976 2156 Schiim.
1001 2124 1065 2156 Att.
1089 2123 1175 2155 Proc.
1203 2134 1239 2166 p.
1262 2125 1341 2155 740.
1386 2124 1458 2167 [γε.
1483 2124 1603 2155 Νὶοοιιι.

171 2178 189 2221 §
215 2178 269 2209 10.
296 2187 352 2220 pro
380 2177 576 2223 δικαςηρίῳ
602 2177 732 2209 fidenter
755 2189 868 2222 repone
895 2179 1134 2224 δεσμωτηρίῳ.
1190 2177 1344 2210 voeabula
1366 2189 1455 2223 saepe
1478 2179 1604 2210 confusa

172 2240 263 2276 sunt,
286 2245 316 2266 v,
335 2246 363 2268 c.
383 2233 503 2266 alicubi
524 2235 559 2266 in
578 2232 693 2267 sehon.
718 2233 758 2267 ad
781 2234 953 2278 Aristoph„
976 2245 1068 2278 quem
1093 2234 1194 2266 locum
1214 2245 1298 2266 nunc
1318 2234 1454 2267 indicare
1475 2246 1604 2280 nequeo.

173 2291 220 2323 Cf.
254 2296 355 2323 umen
383 2290 491 2322 Aesch.
523 2290 603 2322 Tim.
635 2291 669 2333 ω
695 2292 758 2323 111
785 2298 818 2323 et
845 2292 921 2323 112.
975 2291 1087 2331 Locos,
1123 2301 1200 2334 quos
1233 2290 1329 2323 Index
1361 2291 1468 2324 Reisk.
1506 2292 1605 2323 obiter

172 2355 294 2381 tantum
330 2347 507 2392 inspicienti
538 2346 719 2391 praebebit,
755 2358 817 2380 non
853 2357 963 2379 moror.
1015 2346 1075 2379 Sed
1107 2347 1157 2380 vel
1189 2347 1275 2381 locus
1298 2359 1354 2392 per
1377 2358 1409 2380 se
1433 2347 1513 2381 hanc
1533 2358 1605 2380 mu-

173 2405 319 2437 tationem
357 2403 503 2448 postulat.
562 2401 642 2445 Quid
674 2401 781 2434 enim?
825 2403 1015 2447 Speusippus
1045 2403 1210 2447 Leogoram
1236 2415 1254 2436 11
1286 2403 1369 2447 Lydo
1406 2410 1604 2444 accusatum,

174 2459 237 2491 sive
258 2471 313 2493 sua
334 2460 532 2500 auctoritate,
555 2459 617 2491 sive
636 2458 786 2502 peculiari
808 2458 1032 2503 psephismate,
1057 2458 1182 2492 deducit
1205 2458 1244 2492 ad
1266 2458 1415 2493 tribunal.
1461 2459 1520 2492 Ubi
1541 2467 1602 2497 est,

175 2526 305 2560 quaeso,
323 2514 556 2563 νιιαιράνομον.9
591 2514 724 2548 Facilius
741 2521 844 2548 autem
865 2516 1075 2561 intelligitur,
1099 2517 1259 2560 Leogoram
1280 2526 1435 2548 accusasse
1454 2516 1605 2561 Speusip-

176 2583 271 2617 pum,
302 2574 384 2616 qnod
415 2585 446 2605 se
476 2574 509 2605 in
545 2572 668 2605 vincula
701 2572 896 2614 coniecisset,
930 2579 1090 2616 antequam
1124 2573 1219 2604 suerit
1245 2571 1422 2614 damnatus,
1446 2581 1605 2606 accusatus

175 2627 382 2662 tantummodo
405 2642 423 2662 a
443 2629 575 2661 servulo.

220 2685 262 2727 64)
287 2685 370 2717 Nihil
390 2688 472 2718 enim
492 2685 553 2717 huc
576 2687 654 2718 facit
670 2686 789 2720 Sch'o'm.
812 2687 848 2719 de
869 2687 983 2719 Comm.
1007 2687 1073 2718 vn.
1098 2686 1167 2720 coll.
1194 2688 1289 2720 Periz.
1315 2688 1352 2720 ad
1379 2688 1446 2721 Ael.
1466 2688 1499 2721 V.
1526 2688 1577 2719 13,

220 2740 261 2788 ⁶5)
286 2743 353 2775 Post
378 2741 520 2775 Andocid.
545 2741 597 2775 Ed.
622 2742 763 2778 Sthillflr.
