<?xml version="1.0" encoding="UTF-8"?>
<!DOCTYPE html PUBLIC "-//W3C//DTD XHTML 1.0 Transitional//EN"
    "http://www.w3.org/TR/xhtml1/DTD/xhtml1-transitional.dtd">
<html xmlns="http://www.w3.org/1999/xhtml" xml:lang="en" lang="en">
 <head>
  <title>
</title>
<meta http-equiv="Content-Type" content="text/html;charset=utf-8" />
  <meta name='ocr-system' content='tesseract 3.04.00' />
  <meta name='ocr-capabilities' content='ocr_page ocr_carea ocr_par ocr_line ocrx_word'/>
</head>
<body>
  <div class='ocr_page' id='page_1' title='image "4737205_0078.png"; bbox 0 0 1774 3036; ppageno 0'>
   <div class='ocr_carea' id='block_1_1' title="bbox 856 156 909 198">
    <p class='ocr_par' dir='ltr' id='par_1_1' title="bbox 856 156 909 198">
     <span class='ocr_line' id='line_1_1' title="bbox 856 156 909 198; baseline 0 0"><span class='ocrx_word' id='word_1_1' title='bbox 856 156 909 198; x_wconf 82' lang='lat'>62</span> 
     </span>
    </p>
   </div>
   <div class='ocr_carea' id='block_1_2' title="bbox 166 292 1598 2507">
    <p class='ocr_par' dir='ltr' id='par_1_2' title="bbox 166 292 1590 727">
     <span class='ocr_line' id='line_1_2' title="bbox 228 292 1588 354; baseline 0.002 -15"><span class='ocrx_word' id='word_1_2' title='bbox 228 297 248 351; x_wconf 81' lang='lat'>§</span> <span class='ocrx_word' id='word_1_3' title='bbox 283 295 381 339; x_wconf 84' lang='lat'><strong>124.</strong></span> <span class='ocrx_word' id='word_1_4' title='bbox 413 294 590 354; x_wconf 87' lang='lat' dir='ltr'>legitur:</span> <span class='ocrx_word' id='word_1_5' title='bbox 633 292 768 348; x_wconf 63' lang='grc' dir='ltr'><em>ταύτῃ</em></span> <span class='ocrx_word' id='word_1_6' title='bbox 812 294 854 337; x_wconf 77' lang='grc' dir='ltr'>δὲ</span> <span class='ocrx_word' id='word_1_7' title='bbox 889 296 1131 346; x_wconf 80' lang='grc' dir='ltr'><em>συνοικήσας</em></span> <span class='ocrx_word' id='word_1_8' title='bbox 1175 296 1256 340; x_wconf 79' lang='grc' dir='ltr'>οὐδ’</span> <span class='ocrx_word' id='word_1_9' title='bbox 1295 298 1476 344; x_wconf 80' lang='grc' dir='ltr'><em>ἐνιαυτὸν</em></span> <span class='ocrx_word' id='word_1_10' title='bbox 1515 300 1588 349; x_wconf 65' lang='grc' dir='ltr'>τὴν</span> 
     </span>
     <span class='ocr_line' id='line_1_3' title="bbox 168 368 1587 433; baseline 0.003 -19"><span class='ocrx_word' id='word_1_11' title='bbox 168 371 314 425; x_wconf 75' lang='grc' dir='ltr'><em>μητέρ’</em></span> <span class='ocrx_word' id='word_1_12' title='bbox 342 372 472 419; x_wconf 77' lang='grc' dir='ltr'><em>αὐτῆς</em></span> <span class='ocrx_word' id='word_1_13' title='bbox 506 368 667 421; x_wconf 73' lang='grc' dir='ltr'><em>ἔλαβε,</em></span> <span class='ocrx_word' id='word_1_14' title='bbox 710 368 779 413; x_wconf 76' lang='grc' dir='ltr'>καὶ</span> <span class='ocrx_word' id='word_1_15' title='bbox 816 368 983 424; x_wconf 77' lang='grc' dir='ltr'><em>συνῴκει</em></span> <span class='ocrx_word' id='word_1_16' title='bbox 1017 370 1036 412; x_wconf 80' lang='grc' dir='ltr'><strong><em>ὅ</em></strong></span> <span class='ocrx_word' id='word_1_17' title='bbox 1074 369 1241 433; x_wconf 73' lang='grc' dir='ltr'><em>πάντων</em></span> <span class='ocrx_word' id='word_1_18' title='bbox 1275 374 1587 426; x_wconf 72' lang='grc' dir='ltr'>σχετλιώτατος</span> 
     </span>
     <span class='ocr_line' id='line_1_4' title="bbox 167 443 1587 503; baseline 0.004 -16"><span class='ocrx_word' id='word_1_19' title='bbox 167 446 381 499; x_wconf 67' lang='grc' dir='ltr'><em>ἀνθρώπων</em></span> <span class='ocrx_word' id='word_1_20' title='bbox 419 451 471 500; x_wconf 68' lang='grc' dir='ltr'>τῇ</span> <span class='ocrx_word' id='word_1_21' title='bbox 505 444 628 498; x_wconf 72' lang='grc' dir='ltr'><strong><em>μητρὶ</em></strong></span> <span class='ocrx_word' id='word_1_22' title='bbox 665 443 735 487; x_wconf 75' lang='grc' dir='ltr'>καὶ</span> <span class='ocrx_word' id='word_1_23' title='bbox 766 451 817 499; x_wconf 73' lang='grc' dir='ltr'>τῇ</span> <span class='ocrx_word' id='word_1_24' title='bbox 851 445 1047 499; x_wconf 72' lang='grc' dir='ltr'><em>θυγατρὶ,</em></span> <span class='ocrx_word' id='word_1_25' title='bbox 1090 446 1218 499; x_wconf 82' lang='grc' dir='ltr'><em>ἱερεὺς</em></span> <span class='ocrx_word' id='word_1_26' title='bbox 1249 447 1301 490; x_wconf 78' lang='grc' dir='ltr'>ὢν</span> <span class='ocrx_word' id='word_1_27' title='bbox 1331 452 1405 497; x_wconf 76' lang='grc' dir='ltr'>τῆς</span> <span class='ocrx_word' id='word_1_28' title='bbox 1436 451 1587 503; x_wconf 73' lang='grc' dir='ltr'><em>μητρὸς</em></span> 
     </span>
     <span class='ocr_line' id='line_1_5' title="bbox 168 518 1590 579; baseline 0.003 -17"><span class='ocrx_word' id='word_1_29' title='bbox 168 520 238 563; x_wconf 76' lang='grc' dir='ltr'>καὶ</span> <span class='ocrx_word' id='word_1_30' title='bbox 269 524 343 568; x_wconf 79' lang='grc' dir='ltr'>τῆς</span> <span class='ocrx_word' id='word_1_31' title='bbox 377 518 595 573; x_wconf 68' lang='grc' dir='ltr'><em>θυγατρός.</em></span> <span class='ocrx_word' id='word_1_32' title='bbox 658 518 848 563; x_wconf 82' lang='lat' dir='ltr'><strong>Similem</strong></span> <span class='ocrx_word' id='word_1_33' title='bbox 878 519 1073 579; x_wconf 84' lang='lat' dir='ltr'>frigidam</span> <span class='ocrx_word' id='word_1_34' title='bbox 1108 520 1370 565; x_wconf 79' lang='lat' dir='ltr'><strong>iterationem</strong></span> <span class='ocrx_word' id='word_1_35' title='bbox 1399 523 1483 566; x_wconf 87' lang='lat' dir='ltr'>iam</span> <span class='ocrx_word' id='word_1_36' title='bbox 1513 538 1590 566; x_wconf 91' lang='lat' dir='ltr'>no-</span> 
     </span>
     <span class='ocr_line' id='line_1_6' title="bbox 167 594 1588 653; baseline 0.004 -16"><span class='ocrx_word' id='word_1_37' title='bbox 167 595 253 638; x_wconf 82' lang='lat' dir='ltr'>tavi</span> <span class='ocrx_word' id='word_1_38' title='bbox 286 594 341 644; x_wconf 84' lang='lat' dir='ltr'>ad</span> <span class='ocrx_word' id='word_1_39' title='bbox 380 596 399 650; x_wconf 69' lang='lat'><strong>5</strong></span> <span class='ocrx_word' id='word_1_40' title='bbox 429 595 497 637; x_wconf 87' lang='lat'>17.</span> <span class='ocrx_word' id='word_1_41' title='bbox 560 594 723 653; x_wconf 87' lang='lat' dir='ltr'>Dignus</span> <span class='ocrx_word' id='word_1_42' title='bbox 752 601 834 647; x_wconf 82' lang='lat' dir='ltr'>est,</span> <span class='ocrx_word' id='word_1_43' title='bbox 878 596 951 653; x_wconf 89' lang='lat' dir='ltr'>qui</span> <span class='ocrx_word' id='word_1_44' title='bbox 981 594 1032 638; x_wconf 88' lang='lat' dir='ltr'>de</span> <span class='ocrx_word' id='word_1_45' title='bbox 1062 594 1104 640; x_wconf 93' lang='lat' dir='ltr'>h.</span> <span class='ocrx_word' id='word_1_46' title='bbox 1137 596 1166 640; x_wconf 90' lang='lat' dir='ltr'>l.</span> <span class='ocrx_word' id='word_1_47' title='bbox 1208 596 1450 641; x_wconf 84' lang='lat' dir='ltr'>conferatur</span> <span class='ocrx_word' id='word_1_48' title='bbox 1489 598 1588 642; x_wconf 84' lang='lat' dir='ltr'>Cob.</span> 
     </span>
     <span class='ocr_line' id='line_1_7' title="bbox 166 668 890 727; baseline 0 -16"><span class='ocrx_word' id='word_1_49' title='bbox 166 684 206 713; x_wconf 81' lang='lat' dir='ltr'>v,</span> <span class='ocrx_word' id='word_1_50' title='bbox 240 668 293 712; x_wconf 92' lang='lat' dir='ltr'>cl.</span> <span class='ocrx_word' id='word_1_51' title='bbox 325 669 371 712; x_wconf 91' lang='lat' dir='ltr'>in</span> <span class='ocrx_word' id='word_1_52' title='bbox 406 669 576 727; x_wconf 83' lang='lat' dir='ltr'>Prosop.</span> <span class='ocrx_word' id='word_1_53' title='bbox 608 670 716 712; x_wconf 87' lang='lat' dir='ltr'>Xen.</span> <span class='ocrx_word' id='word_1_54' title='bbox 744 684 786 725; x_wconf 90' lang='lat' dir='ltr'>p.</span> <span class='ocrx_word' id='word_1_55' title='bbox 822 669 890 712; x_wconf 89' lang='lat'>68.</span> 
     </span>
    </p>

    <p class='ocr_par' dir='ltr' id='par_1_3' title="bbox 167 742 1593 1020">
     <span class='ocr_line' id='line_1_8' title="bbox 227 742 1588 801; baseline 0.002 -15"><span class='ocrx_word' id='word_1_56' title='bbox 227 745 248 798; x_wconf 57' lang='grc' dir='ltr'>ᾗ</span> <span class='ocrx_word' id='word_1_57' title='bbox 291 745 390 787; x_wconf 87' lang='lat'><strong>127.</strong></span> <span class='ocrx_word' id='word_1_58' title='bbox 438 744 565 789; x_wconf 83' lang='lat' dir='ltr'>etiam</span> <span class='ocrx_word' id='word_1_59' title='bbox 604 743 684 786; x_wconf 94' lang='lat' dir='ltr'>hoc</span> <span class='ocrx_word' id='word_1_60' title='bbox 723 742 898 801; x_wconf 84' lang='lat' dir='ltr'>legitur:</span> <span class='ocrx_word' id='word_1_61' title='bbox 941 743 1206 799; x_wconf 74' lang='grc' dir='ltr'><em>ἐψηφίσαντο</em></span> <span class='ocrx_word' id='word_1_62' title='bbox 1256 746 1298 789; x_wconf 77' lang='grc' dir='ltr'>δὲ</span> <span class='ocrx_word' id='word_1_63' title='bbox 1345 747 1379 789; x_wconf 82' lang='grc' dir='ltr'>οἱ</span> <span class='ocrx_word' id='word_1_64' title='bbox 1421 746 1588 799; x_wconf 77' lang='grc' dir='ltr'><strong><em>κήρυκες</em></strong></span> 
     </span>
     <span class='ocr_line' id='line_1_9' title="bbox 168 809 1591 874; baseline 0.003 -14"><span class='ocrx_word' id='word_1_65' title='bbox 168 818 283 860; x_wconf 74' lang='grc' dir='ltr'><em>κατα</em></span> <span class='ocrx_word' id='word_1_66' title='bbox 310 819 378 860; x_wconf 82' lang='grc' dir='ltr'>τὸν</span> <span class='ocrx_word' id='word_1_67' title='bbox 410 817 551 874; x_wconf 84' lang='grc' dir='ltr'><em>νόμον,</em></span> <span class='ocrx_word' id='word_1_68' title='bbox 583 816 624 865; x_wconf 74' lang='grc' dir='ltr'>ὃς</span> <span class='ocrx_word' id='word_1_69' title='bbox 655 815 738 862; x_wconf 78' lang='grc' dir='ltr'><em>ἔςιν</em></span> <span class='ocrx_word' id='word_1_70' title='bbox 766 809 935 874; x_wconf 80' lang='grc' dir='ltr'><em>αὐτοῖς,</em></span> <span class='ocrx_word' id='word_1_71' title='bbox 968 818 1037 861; x_wconf 82' lang='grc' dir='ltr'>τὸν</span> <span class='ocrx_word' id='word_1_72' title='bbox 1072 819 1238 873; x_wconf 74' lang='grc' dir='ltr'><em>πατέρα</em></span> <span class='ocrx_word' id='word_1_73' title='bbox 1266 819 1482 872; x_wconf 76' lang='grc' dir='ltr'><em>ὀμόσαντα</em></span> <span class='ocrx_word' id='word_1_74' title='bbox 1508 822 1591 864; x_wconf 79' lang='grc' dir='ltr'><em>εἰσ·-</em></span> 
     </span>
     <span class='ocr_line' id='line_1_10' title="bbox 168 889 1593 952; baseline 0.002 -17"><span class='ocrx_word' id='word_1_75' title='bbox 168 892 313 948; x_wconf 54' lang='lat' dir='ltr'>darem,</span> <span class='ocrx_word' id='word_1_76' title='bbox 349 889 373 941; x_wconf 76' lang='grc' dir='ltr'><strong><em>ἦ</em></strong></span> <span class='ocrx_word' id='word_1_77' title='bbox 402 893 483 944; x_wconf 69' lang='grc' dir='ltr'>μὴν</span> <span class='ocrx_word' id='word_1_78' title='bbox 518 893 601 935; x_wconf 79' lang='grc' dir='ltr'>υἱὸν</span> <span class='ocrx_word' id='word_1_79' title='bbox 635 891 736 935; x_wconf 74' lang='grc' dir='ltr'><em>ὄντα</em></span> <span class='ocrx_word' id='word_1_80' title='bbox 767 893 914 935; x_wconf 80' lang='grc' dir='ltr'><em>ἑαυτοῦ</em></span> <span class='ocrx_word' id='word_1_81' title='bbox 949 892 1149 944; x_wconf 69' lang='grc' dir='ltr'>εἰσάγειν.</span> <span class='ocrx_word' id='word_1_82' title='bbox 1213 895 1296 939; x_wconf 81' lang='lat' dir='ltr'>Vix</span> <span class='ocrx_word' id='word_1_83' title='bbox 1340 895 1502 952; x_wconf 82' lang='lat' dir='ltr'>Lysias,</span> <span class='ocrx_word' id='word_1_84' title='bbox 1543 903 1593 938; x_wconf 87' lang='lat' dir='ltr'>ut</span> 
     </span>
     <span class='ocr_line' id='line_1_11' title="bbox 167 965 876 1020; baseline 0.003 -12"><span class='ocrx_word' id='word_1_85' title='bbox 167 966 248 1009; x_wconf 90' lang='lat' dir='ltr'>hoc</span> <span class='ocrx_word' id='word_1_86' title='bbox 278 973 399 1020; x_wconf 87' lang='lat' dir='ltr'>utar,</span> <span class='ocrx_word' id='word_1_87' title='bbox 432 967 492 1010; x_wconf 91' lang='lat' dir='ltr'>sic</span> <span class='ocrx_word' id='word_1_88' title='bbox 523 966 691 1011; x_wconf 73' lang='lat' dir='ltr'>locutus</span> <span class='ocrx_word' id='word_1_89' title='bbox 721 965 876 1011; x_wconf 84' lang='lat' dir='ltr'>fuisset.</span> 
     </span>
    </p>

    <p class='ocr_par' dir='ltr' id='par_1_4' title="bbox 168 1041 1596 1907">
     <span class='ocr_line' id='line_1_12' title="bbox 229 1041 1590 1099; baseline 0.001 -14"><span class='ocrx_word' id='word_1_90' title='bbox 229 1043 458 1099; x_wconf 85' lang='lat' dir='ltr'>Hucusque</span> <span class='ocrx_word' id='word_1_91' title='bbox 489 1041 644 1090; x_wconf 80' lang='lat' dir='ltr'>Orator</span> <span class='ocrx_word' id='word_1_92' title='bbox 672 1042 716 1084; x_wconf 91' lang='lat' dir='ltr'>in</span> <span class='ocrx_word' id='word_1_93' title='bbox 736 1041 816 1084; x_wconf 92' lang='lat' dir='ltr'>hoc</span> <span class='ocrx_word' id='word_1_94' title='bbox 842 1041 893 1094; x_wconf 87' lang='lat' dir='ltr'>de</span> <span class='ocrx_word' id='word_1_95' title='bbox 915 1041 1045 1085; x_wconf 83' lang='lat' dir='ltr'>Callia</span> <span class='ocrx_word' id='word_1_96' title='bbox 1066 1041 1248 1099; x_wconf 89' lang='lat' dir='ltr'>episodio</span> <span class='ocrx_word' id='word_1_97' title='bbox 1271 1043 1368 1085; x_wconf 89' lang='lat' dir='ltr'>satis</span> <span class='ocrx_word' id='word_1_98' title='bbox 1390 1042 1467 1090; x_wconf 84' lang='lat' dir='ltr'>sibi</span> <span class='ocrx_word' id='word_1_99' title='bbox 1491 1059 1590 1086; x_wconf 92' lang='lat' dir='ltr'>con-</span> 
     </span>
     <span class='ocr_line' id='line_1_13' title="bbox 170 1113 1590 1173; baseline 0 -14"><span class='ocrx_word' id='word_1_100' title='bbox 170 1116 286 1160; x_wconf 85' lang='lat' dir='ltr'>stitit.</span> <span class='ocrx_word' id='word_1_101' title='bbox 354 1114 435 1157; x_wconf 82' lang='lat' dir='ltr'>Sed</span> <span class='ocrx_word' id='word_1_102' title='bbox 465 1116 485 1169; x_wconf 56' lang='grc' dir='ltr'><em>ᾗ</em></span> <span class='ocrx_word' id='word_1_103' title='bbox 521 1115 605 1156; x_wconf 85' lang='grc'>128</span> <span class='ocrx_word' id='word_1_104' title='bbox 637 1113 917 1166; x_wconf 81' lang='lat' dir='ltr'>obliviscitur,</span> <span class='ocrx_word' id='word_1_105' title='bbox 950 1114 1125 1158; x_wconf 79' lang='lat' dir='ltr'>Calliam</span> <span class='ocrx_word' id='word_1_106' title='bbox 1155 1131 1242 1158; x_wconf 93' lang='lat' dir='ltr'>non</span> <span class='ocrx_word' id='word_1_107' title='bbox 1271 1117 1461 1173; x_wconf 82' lang='lat' dir='ltr'>petivisse</span> <span class='ocrx_word' id='word_1_108' title='bbox 1489 1117 1590 1173; x_wconf 89' lang='lat' dir='ltr'>Epi—</span> 
     </span>
     <span class='ocr_line' id='line_1_14' title="bbox 169 1187 1593 1247; baseline 0.001 -16"><span class='ocrx_word' id='word_1_109' title='bbox 169 1190 254 1246; x_wconf 80' lang='lat' dir='ltr'>lyci</span> <span class='ocrx_word' id='word_1_110' title='bbox 291 1189 422 1233; x_wconf 82' lang='lat' dir='ltr'>filiam</span> <span class='ocrx_word' id='word_1_111' title='bbox 456 1188 552 1239; x_wconf 68' lang='lat' dir='ltr'>sibi,</span> <span class='ocrx_word' id='word_1_112' title='bbox 601 1187 673 1231; x_wconf 82' lang='lat' dir='ltr'>secl</span> <span class='ocrx_word' id='word_1_113' title='bbox 703 1187 933 1237; x_wconf 71' lang='lat' dir='ltr'>Protarcho</span> <span class='ocrx_word' id='word_1_114' title='bbox 962 1187 1063 1245; x_wconf 70' lang='lat'>150),</span> <span class='ocrx_word' id='word_1_115' title='bbox 1125 1189 1221 1242; x_wconf 83' lang='lat' dir='ltr'>Qua</span> <span class='ocrx_word' id='word_1_116' title='bbox 1259 1189 1311 1232; x_wconf 88' lang='lat' dir='ltr'>de</span> <span class='ocrx_word' id='word_1_117' title='bbox 1340 1205 1388 1232; x_wconf 87' lang='lat' dir='ltr'>re</span> <span class='ocrx_word' id='word_1_118' title='bbox 1416 1206 1470 1233; x_wconf 82' lang='lat' dir='ltr'>ne</span> <span class='ocrx_word' id='word_1_119' title='bbox 1501 1192 1593 1247; x_wconf 88' lang='lat' dir='ltr'>quis</span> 
     </span>
     <span class='ocr_line' id='line_1_15' title="bbox 169 1261 1589 1319; baseline 0 -12"><span class='ocrx_word' id='word_1_120' title='bbox 169 1263 331 1307; x_wconf 76' lang='lat' dir='ltr'>dubitet</span> <span class='ocrx_word' id='word_1_121' title='bbox 359 1262 592 1306; x_wconf 87' lang='lat' dir='ltr'>exscribam</span> <span class='ocrx_word' id='word_1_122' title='bbox 622 1261 737 1305; x_wconf 87' lang='lat' dir='ltr'>hunc</span> <span class='ocrx_word' id='word_1_123' title='bbox 767 1261 927 1308; x_wconf 79' lang='lat' dir='ltr'>locum:</span> <span class='ocrx_word' id='word_1_124' title='bbox 960 1262 1062 1317; x_wconf 80' lang='grc' dir='ltr'><em>Φέρε</em></span> <span class='ocrx_word' id='word_1_125' title='bbox 1097 1262 1143 1311; x_wconf 71' lang='grc' dir='ltr'>δὴ</span> <span class='ocrx_word' id='word_1_126' title='bbox 1175 1262 1327 1319; x_wconf 79' lang='grc' dir='ltr'><em>τοίνυν,</em></span> <span class='ocrx_word' id='word_1_127' title='bbox 1363 1261 1391 1306; x_wconf 80' lang='grc' dir='ltr'><strong><em>ὦ</em></strong></span> <span class='ocrx_word' id='word_1_128' title='bbox 1423 1263 1589 1318; x_wconf 72' lang='grc' dir='ltr'><em>ἄνδρες,</em></span> 
     </span>
     <span class='ocr_line' id='line_1_16' title="bbox 169 1337 1593 1391; baseline -0.001 -10"><span class='ocrx_word' id='word_1_129' title='bbox 169 1338 447 1391; x_wconf 72' lang='grc' dir='ltr'><em>σκεψώμεθα,</em></span> <span class='ocrx_word' id='word_1_130' title='bbox 488 1337 527 1380; x_wconf 77' lang='grc' dir='ltr'>εἴ</span> <span class='ocrx_word' id='word_1_131' title='bbox 561 1337 623 1379; x_wconf 82' lang='grc' dir='ltr'>πώ</span> <span class='ocrx_word' id='word_1_132' title='bbox 648 1352 750 1379; x_wconf 78' lang='grc' dir='ltr'><em>ποτε</em></span> <span class='ocrx_word' id='word_1_133' title='bbox 780 1338 821 1379; x_wconf 83' lang='grc' dir='ltr'>ἐν</span> <span class='ocrx_word' id='word_1_134' title='bbox 855 1342 941 1384; x_wconf 80' lang='grc' dir='ltr'><em>τοῖς</em></span> <span class='ocrx_word' id='word_1_135' title='bbox 975 1337 1157 1386; x_wconf 76' lang='grc' dir='ltr'><em>Ἕλλησι</em></span> <span class='ocrx_word' id='word_1_136' title='bbox 1192 1340 1378 1390; x_wconf 70' lang='grc' dir='ltr'><em>πρᾶγμα</em></span> <span class='ocrx_word' id='word_1_137' title='bbox 1414 1342 1593 1382; x_wconf 76' lang='grc' dir='ltr'><em>τοιοῦτον</em></span> 
     </span>
     <span class='ocr_line' id='line_1_17' title="bbox 168 1409 1593 1467; baseline 0 -11"><span class='ocrx_word' id='word_1_138' title='bbox 168 1412 357 1465; x_wconf 74' lang='grc' dir='ltr'><em>ἐγένετο,</em></span> <span class='ocrx_word' id='word_1_139' title='bbox 399 1409 498 1455; x_wconf 79' lang='grc' dir='ltr'>ὅπου</span> <span class='ocrx_word' id='word_1_140' title='bbox 529 1409 714 1463; x_wconf 67' lang='grc' dir='ltr'><em>γυναῖκα</em></span> <span class='ocrx_word' id='word_1_141' title='bbox 740 1425 804 1458; x_wconf 81' lang='grc' dir='ltr'>τις</span> <span class='ocrx_word' id='word_1_142' title='bbox 834 1410 979 1463; x_wconf 74' lang='grc' dir='ltr'><em>γήμας</em></span> <span class='ocrx_word' id='word_1_143' title='bbox 1010 1410 1202 1463; x_wconf 74' lang='grc' dir='ltr'><em>ἐπέγημε</em></span> <span class='ocrx_word' id='word_1_144' title='bbox 1232 1418 1283 1467; x_wconf 72' lang='grc' dir='ltr'>τῇ</span> <span class='ocrx_word' id='word_1_145' title='bbox 1317 1412 1490 1466; x_wconf 75' lang='grc' dir='ltr'><em>θυγατρὶ</em></span> <span class='ocrx_word' id='word_1_146' title='bbox 1519 1412 1593 1461; x_wconf 68' lang='grc' dir='ltr'>τὴν</span> 
     </span>
     <span class='ocr_line' id='line_1_18' title="bbox 169 1486 1596 1541; baseline -0.001 -11"><span class='ocrx_word' id='word_1_147' title='bbox 169 1487 332 1540; x_wconf 75' lang='grc' dir='ltr'><em>μητέρα</em></span> <span class='ocrx_word' id='word_1_148' title='bbox 363 1487 433 1528; x_wconf 75' lang='grc' dir='ltr'>καὶ</span> <span class='ocrx_word' id='word_1_149' title='bbox 466 1486 670 1536; x_wconf 75' lang='grc' dir='ltr'><em>ἐξήλασεν</em></span> <span class='ocrx_word' id='word_1_150' title='bbox 705 1487 727 1534; x_wconf 78' lang='grc' dir='ltr'><em>ἦ</em></span> <span class='ocrx_word' id='word_1_151' title='bbox 752 1486 888 1539; x_wconf 75' lang='grc' dir='ltr'><strong><em>μήτηρ</em></strong></span> <span class='ocrx_word' id='word_1_152' title='bbox 917 1487 991 1534; x_wconf 69' lang='grc' dir='ltr'>τὴν</span> <span class='ocrx_word' id='word_1_153' title='bbox 1021 1486 1247 1540; x_wconf 75' lang='grc' dir='ltr'><em>θυγατέρα’</em></span> <span class='ocrx_word' id='word_1_154' title='bbox 1280 1487 1415 1541; x_wconf 61' lang='grc' dir='ltr'><em>ταύτῃ</em></span> <span class='ocrx_word' id='word_1_155' title='bbox 1437 1487 1479 1529; x_wconf 77' lang='grc' dir='ltr'>δὲ</span> <span class='ocrx_word' id='word_1_156' title='bbox 1501 1503 1596 1529; x_wconf 81' lang='grc' dir='ltr'><em>συν-</em></span> 
     </span>
     <span class='ocr_line' id='line_1_19' title="bbox 170 1559 1592 1613; baseline -0.001 -9"><span class='ocrx_word' id='word_1_157' title='bbox 170 1565 284 1604; x_wconf 78' lang='grc' dir='ltr'><em>οικῶν</em></span> <span class='ocrx_word' id='word_1_158' title='bbox 330 1560 578 1612; x_wconf 81' lang='grc' dir='ltr'><em>βούλεται</em></span> <span class='ocrx_word' id='word_1_159' title='bbox 628 1560 715 1608; x_wconf 73' lang='grc' dir='ltr'>τὴν</span> <span class='ocrx_word' id='word_1_160' title='bbox 756 1559 1029 1603; x_wconf 77' lang='grc' dir='ltr'><strong><em>Ἐπιλύκου</em></strong></span> <span class='ocrx_word' id='word_1_161' title='bbox 1078 1559 1338 1613; x_wconf 74' lang='grc' dir='ltr'><em>θυγατέρα</em></span> <span class='ocrx_word' id='word_1_162' title='bbox 1383 1560 1592 1613; x_wconf 80' lang='grc' dir='ltr'><em>λαβεῖν,</em></span> 
     </span>
     <span class='ocr_line' id='line_1_20' title="bbox 169 1634 1596 1692; baseline -0.001 -14"><span class='ocrx_word' id='word_1_163' title='bbox 169 1635 219 1678; x_wconf 80' lang='grc' dir='ltr'>ἵν’</span> <span class='ocrx_word' id='word_1_164' title='bbox 252 1634 435 1688; x_wconf 68' lang='grc' dir='ltr'><em>ἐξελάσῃ</em></span> <span class='ocrx_word' id='word_1_165' title='bbox 466 1635 541 1682; x_wconf 66' lang='grc' dir='ltr'>τὴν</span> <span class='ocrx_word' id='word_1_166' title='bbox 572 1634 696 1683; x_wconf 78' lang='grc' dir='ltr'><em>τήθην</em></span> <span class='ocrx_word' id='word_1_167' title='bbox 729 1635 752 1684; x_wconf 76' lang='grc' dir='ltr'><strong><em>ἡ</em></strong></span> <span class='ocrx_word' id='word_1_168' title='bbox 794 1635 1018 1687; x_wconf 76' lang='grc' dir='ltr'><em>θυγατριδῆ</em></span> <span class='ocrx_word' id='word_1_169' title='bbox 1047 1634 1147 1692; x_wconf 80' lang='lat'>¹5¹),</span> <span class='ocrx_word' id='word_1_170' title='bbox 1211 1635 1406 1688; x_wconf 85' lang='lat' dir='ltr'>Quocum</span> <span class='ocrx_word' id='word_1_171' title='bbox 1451 1634 1596 1677; x_wconf 86' lang='lat' dir='ltr'>confer</span> 
     </span>
     <span class='ocr_line' id='line_1_21' title="bbox 171 1703 1593 1766; baseline -0.001 -14"><span class='ocrx_word' id='word_1_172' title='bbox 171 1711 190 1766; x_wconf 82' lang='lat'>§</span> <span class='ocrx_word' id='word_1_173' title='bbox 220 1710 326 1753; x_wconf 83' lang='lat'>124:</span> <span class='ocrx_word' id='word_1_174' title='bbox 360 1707 480 1751; x_wconf 68' lang='grc' dir='ltr'>ἀλλὰ</span> <span class='ocrx_word' id='word_1_175' title='bbox 512 1707 596 1761; x_wconf 72' lang='grc' dir='ltr'>γὰρ</span> <span class='ocrx_word' id='word_1_176' title='bbox 623 1708 693 1751; x_wconf 85' lang='grc' dir='ltr'>τὸν</span> <span class='ocrx_word' id='word_1_177' title='bbox 722 1708 805 1751; x_wconf 84' lang='grc' dir='ltr'><em>υἱὸν</em></span> <span class='ocrx_word' id='word_1_178' title='bbox 830 1709 981 1764; x_wconf 78' lang='grc' dir='ltr'><em>αὐτοῦ,</em></span> <span class='ocrx_word' id='word_1_179' title='bbox 1013 1703 1041 1760; x_wconf 78' lang='grc' dir='ltr'><em>ᾧ</em></span> <span class='ocrx_word' id='word_1_180' title='bbox 1067 1714 1266 1762; x_wconf 80' lang='grc' dir='ltr'><em>λαχεῖν</em></span> <span class='ocrx_word' id='word_1_181' title='bbox 1300 1707 1479 1760; x_wconf 76' lang='grc' dir='ltr'><em>ἠξίωσε</em></span> <span class='ocrx_word' id='word_1_182' title='bbox 1504 1712 1593 1757; x_wconf 76' lang='grc' dir='ltr'>τῆς</span> 
     </span>
     <span class='ocr_line' id='line_1_22' title="bbox 168 1780 1594 1834; baseline -0.001 -9"><span class='ocrx_word' id='word_1_183' title='bbox 168 1782 443 1825; x_wconf 77' lang='grc' dir='ltr'><strong><em>Ἐπιλύκου</em></strong></span> <span class='ocrx_word' id='word_1_184' title='bbox 483 1781 766 1834; x_wconf 76' lang='grc' dir='ltr'><em>θυγατρὸς,</em></span> <span class='ocrx_word' id='word_1_185' title='bbox 815 1781 1029 1834; x_wconf 80' lang='grc' dir='ltr'><em>σκέψασθε</em></span> <span class='ocrx_word' id='word_1_186' title='bbox 1071 1785 1156 1828; x_wconf 72' lang='grc' dir='ltr'>πῶς</span> <span class='ocrx_word' id='word_1_187' title='bbox 1189 1780 1363 1832; x_wconf 70' lang='grc' dir='ltr'><em>γέγονεν</em></span> <span class='ocrx_word' id='word_1_188' title='bbox 1399 1781 1470 1823; x_wconf 78' lang='grc' dir='ltr'>καὶ</span> <span class='ocrx_word' id='word_1_189' title='bbox 1507 1785 1594 1828; x_wconf 64' lang='grc' dir='ltr'>πῶς</span> 
     </span>
     <span class='ocr_line' id='line_1_23' title="bbox 172 1854 562 1907; baseline -0.008 -6"><span class='ocrx_word' id='word_1_190' title='bbox 172 1857 390 1907; x_wconf 75' lang='grc' dir='ltr'><em>ἐποιήσατ’</em></span> <span class='ocrx_word' id='word_1_191' title='bbox 422 1854 562 1898; x_wconf 82' lang='grc' dir='ltr'><em>αὐτόν.</em></span> 
     </span>
    </p>

    <p class='ocr_par' dir='ltr' id='par_1_5' title="bbox 172 1925 1598 2061">
     <span class='ocr_line' id='line_1_24' title="bbox 229 1925 1598 1986; baseline -0.001 -14"><span class='ocrx_word' id='word_1_192' title='bbox 229 1931 291 1972; x_wconf 89' lang='lat' dir='ltr'>De</span> <span class='ocrx_word' id='word_1_193' title='bbox 331 1928 464 1972; x_wconf 88' lang='lat' dir='ltr'>Callia</span> <span class='ocrx_word' id='word_1_194' title='bbox 507 1933 703 1973; x_wconf 83' lang='lat' dir='ltr'>accurate</span> <span class='ocrx_word' id='word_1_195' title='bbox 739 1926 825 1984; x_wconf 85' lang='lat' dir='ltr'>egit</span> <span class='ocrx_word' id='word_1_196' title='bbox 859 1925 981 1971; x_wconf 84' lang='lat' dir='ltr'>Sluit.</span> <span class='ocrx_word' id='word_1_197' title='bbox 1023 1941 1064 1982; x_wconf 90' lang='lat' dir='ltr'>p.</span> <span class='ocrx_word' id='word_1_198' title='bbox 1100 1926 1168 1968; x_wconf 84' lang='lat'>94.</span> <span class='ocrx_word' id='word_1_199' title='bbox 1211 1933 1253 1968; x_wconf 87' lang='lat' dir='ltr'>et</span> <span class='ocrx_word' id='word_1_200' title='bbox 1285 1926 1385 1970; x_wconf 87' lang='lat' dir='ltr'>Cob.</span> <span class='ocrx_word' id='word_1_201' title='bbox 1424 1928 1598 1986; x_wconf 81' lang='lat' dir='ltr'>Prosop:</span> 
     </span>
     <span class='ocr_line' id='line_1_25' title="bbox 172 2004 558 2061; baseline -0.005 -14"><span class='ocrx_word' id='word_1_202' title='bbox 172 2006 279 2049; x_wconf 88' lang='lat' dir='ltr'>Xen.</span> <span class='ocrx_word' id='word_1_203' title='bbox 312 2020 353 2061; x_wconf 94' lang='lat' dir='ltr'>p.</span> <span class='ocrx_word' id='word_1_204' title='bbox 388 2004 442 2046; x_wconf 85' lang='lat'>67</span> <span class='ocrx_word' id='word_1_205' title='bbox 469 2017 558 2059; x_wconf 88' lang='lat' dir='ltr'>sqq.</span> 
     </span>
    </p>

    <p class='ocr_par' dir='ltr' id='par_1_6' title="bbox 173 2074 1598 2427">
     <span class='ocr_line' id='line_1_26' title="bbox 238 2074 1596 2132; baseline -0.004 -10"><span class='ocrx_word' id='word_1_206' title='bbox 238 2079 392 2122; x_wconf 79' lang='lat' dir='ltr'>Mirum</span> <span class='ocrx_word' id='word_1_207' title='bbox 442 2083 584 2119; x_wconf 83' lang='lat' dir='ltr'>autem</span> <span class='ocrx_word' id='word_1_208' title='bbox 624 2074 727 2119; x_wconf 88' lang='lat' dir='ltr'>mihi</span> <span class='ocrx_word' id='word_1_209' title='bbox 771 2074 947 2128; x_wconf 88' lang='lat' dir='ltr'>accidit,</span> <span class='ocrx_word' id='word_1_210' title='bbox 1004 2075 1067 2117; x_wconf 90' lang='lat' dir='ltr'>rei</span> <span class='ocrx_word' id='word_1_211' title='bbox 1109 2074 1414 2132; x_wconf 82' lang='lat' dir='ltr'>turpitudinem</span> <span class='ocrx_word' id='word_1_212' title='bbox 1453 2077 1596 2120; x_wconf 78' lang='lat' dir='ltr'>Comi-</span> 
     </span>
     <span class='ocr_line' id='line_1_27' title="bbox 173 2149 1595 2207; baseline -0.001 -9"><span class='ocrx_word' id='word_1_213' title='bbox 173 2168 355 2198; x_wconf 87' lang='lat' dir='ltr'>corum</span> <span class='ocrx_word' id='word_1_214' title='bbox 377 2165 597 2197; x_wconf 86' lang='lat' dir='ltr'>censuram</span> <span class='ocrx_word' id='word_1_215' title='bbox 651 2149 875 2207; x_wconf 84' lang='lat' dir='ltr'>effugisse·</span> <span class='ocrx_word' id='word_1_216' title='bbox 864 2182 876 2203; x_wconf 88' lang='lat'>‚</span> <span class='ocrx_word' id='word_1_217' title='bbox 930 2149 1046 2207; x_wconf 80' lang='lat' dir='ltr'>apud</span> <span class='ocrx_word' id='word_1_218' title='bbox 1089 2150 1410 2207; x_wconf 75' lang='lat' dir='ltr'>Aristophanem</span> <span class='ocrx_word' id='word_1_219' title='bbox 1455 2158 1568 2197; x_wconf 79' lang='lat' dir='ltr'>certe</span> <span class='ocrx_word' id='word_1_220' title='bbox 1583 2184 1595 2204; x_wconf 94' lang='lat'>,</span> 
     </span>
     <span class='ocr_line' id='line_1_28' title="bbox 175 2225 1598 2284; baseline -0.002 -12"><span class='ocrx_word' id='word_1_221' title='bbox 175 2230 296 2272; x_wconf 85' lang='lat' dir='ltr'>cuius</span> <span class='ocrx_word' id='word_1_222' title='bbox 326 2227 487 2284; x_wconf 80' lang='lat' dir='ltr'>aliquot</span> <span class='ocrx_word' id='word_1_223' title='bbox 515 2225 683 2269; x_wconf 85' lang='lat' dir='ltr'>fabulae</span> <span class='ocrx_word' id='word_1_224' title='bbox 712 2231 940 2282; x_wconf 81' lang='lat' dir='ltr'>supersunt</span> <span class='ocrx_word' id='word_1_225' title='bbox 968 2226 1179 2283; x_wconf 81' lang='lat' dir='ltr'>integrae,</span> <span class='ocrx_word' id='word_1_226' title='bbox 1212 2241 1262 2268; x_wconf 90' lang='lat' dir='ltr'>eo</span> <span class='ocrx_word' id='word_1_227' title='bbox 1291 2226 1380 2283; x_wconf 88' lang='lat' dir='ltr'>ipso</span> <span class='ocrx_word' id='word_1_228' title='bbox 1409 2232 1598 2283; x_wconf 87' lang='lat' dir='ltr'>tempore</span> 
     </span>
     <span class='ocr_line' id='line_1_29' title="bbox 175 2288 1598 2358; baseline -0.002 -12"><span class='ocrx_word' id='word_1_229' title='bbox 175 2288 343 2354; x_wconf 83' lang='lat' dir='ltr'>doctae,</span> <span class='ocrx_word' id='word_1_230' title='bbox 390 2315 476 2358; x_wconf 91' lang='lat' dir='ltr'>quo</span> <span class='ocrx_word' id='word_1_231' title='bbox 505 2299 608 2343; x_wconf 89' lang='lat' dir='ltr'>haec</span> <span class='ocrx_word' id='word_1_232' title='bbox 637 2298 810 2343; x_wconf 83' lang='lat' dir='ltr'>Athenis</span> <span class='ocrx_word' id='word_1_233' title='bbox 840 2298 1101 2342; x_wconf 81' lang='lat' dir='ltr'>sermonibus</span> <span class='ocrx_word' id='word_1_234' title='bbox 1135 2298 1255 2357; x_wconf 82' lang='lat' dir='ltr'>vulgi</span> <span class='ocrx_word' id='word_1_235' title='bbox 1283 2300 1440 2358; x_wconf 77' lang='lat' dir='ltr'>agitata</span> <span class='ocrx_word' id='word_1_236' title='bbox 1474 2299 1598 2343; x_wconf 80' lang='lat' dir='ltr'>fuisse</span> 
     </span>
     <span class='ocr_line' id='line_1_30' title="bbox 176 2363 1009 2427; baseline -0.004 -6"><span class='ocrx_word' id='word_1_237' title='bbox 176 2391 343 2421; x_wconf 88' lang='lat' dir='ltr'>necesse</span> <span class='ocrx_word' id='word_1_238' title='bbox 372 2375 453 2427; x_wconf 87' lang='lat' dir='ltr'>est,</span> <span class='ocrx_word' id='word_1_239' title='bbox 484 2373 639 2418; x_wconf 86' lang='lat' dir='ltr'>horum</span> <span class='ocrx_word' id='word_1_240' title='bbox 667 2374 860 2418; x_wconf 87' lang='lat' dir='ltr'>omnium</span> <span class='ocrx_word' id='word_1_241' title='bbox 890 2363 1009 2423; x_wconf 88' lang='lat' dir='ltr'>nihil.</span> 
     </span>
    </p>

    <p class='ocr_par' dir='ltr' id='par_1_7' title="bbox 235 2448 1596 2507">
     <span class='ocr_line' id='line_1_31' title="bbox 235 2448 1596 2507; baseline 0 -13"><span class='ocrx_word' id='word_1_242' title='bbox 235 2453 397 2496; x_wconf 90' lang='lat' dir='ltr'>Verum</span> <span class='ocrx_word' id='word_1_243' title='bbox 428 2454 633 2507; x_wconf 84' lang='lat' dir='ltr'>praestat,</span> <span class='ocrx_word' id='word_1_244' title='bbox 665 2449 796 2492; x_wconf 87' lang='lat' dir='ltr'>missis</span> <span class='ocrx_word' id='word_1_245' title='bbox 827 2448 1090 2507; x_wconf 88' lang='lat' dir='ltr'>ambagibus,</span> <span class='ocrx_word' id='word_1_246' title='bbox 1124 2448 1226 2506; x_wconf 88' lang='lat' dir='ltr'>quid</span> <span class='ocrx_word' id='word_1_247' title='bbox 1249 2449 1453 2507; x_wconf 86' lang='lat' dir='ltr'>suspicer,</span> <span class='ocrx_word' id='word_1_248' title='bbox 1484 2449 1596 2494; x_wconf 86' lang='lat' dir='ltr'>indi-</span> 
     </span>
    </p>
   </div>
   <div class='ocr_carea' id='block_1_3' title="bbox 216 2643 1009 2688">
    <p class='ocr_par' dir='ltr' id='par_1_8' title="bbox 216 2643 1009 2688">
     <span class='ocr_line' id='line_1_32' title="bbox 216 2643 1009 2688; baseline 0.001 -12"><span class='ocrx_word' id='word_1_249' title='bbox 216 2643 272 2688; x_wconf 79' lang='lat'><strong>¹5⁰)</strong></span> <span class='ocrx_word' id='word_1_250' title='bbox 296 2646 362 2676; x_wconf 84' lang='lat' dir='ltr'>Non</span> <span class='ocrx_word' id='word_1_251' title='bbox 384 2645 575 2688; x_wconf 80' lang='lat' dir='ltr'>Hipponion,</span> <span class='ocrx_word' id='word_1_252' title='bbox 601 2645 649 2676; x_wconf 81' lang='lat' dir='ltr'>uti</span> <span class='ocrx_word' id='word_1_253' title='bbox 673 2643 752 2675; x_wconf 84' lang='lat' dir='ltr'>male</span> <span class='ocrx_word' id='word_1_254' title='bbox 776 2644 868 2676; x_wconf 78' lang='lat' dir='ltr'>Slnit.</span> <span class='ocrx_word' id='word_1_255' title='bbox 895 2656 927 2687; x_wconf 90' lang='lat' dir='ltr'>p.</span> <span class='ocrx_word' id='word_1_256' title='bbox 949 2645 1009 2677; x_wconf 75' lang='lat'>05.</span> 
     </span>
    </p>
   </div>
   <div class='ocr_carea' id='block_1_4' title="bbox 171 2698 1602 2801">
    <p class='ocr_par' dir='ltr' id='par_1_9' title="bbox 171 2698 1602 2801">
     <span class='ocr_line' id='line_1_33' title="bbox 217 2698 1602 2743; baseline 0.003 -12"><span class='ocrx_word' id='word_1_257' title='bbox 217 2698 275 2743; x_wconf 76' lang='lat'>1⁵¹)</span> <span class='ocrx_word' id='word_1_258' title='bbox 298 2701 383 2732; x_wconf 77' lang='lat' dir='ltr'>Hanc</span> <span class='ocrx_word' id='word_1_259' title='bbox 406 2706 437 2731; x_wconf 85' lang='lat' dir='ltr'>et</span> <span class='ocrx_word' id='word_1_260' title='bbox 458 2709 502 2743; x_wconf 78' lang='lat' dir='ltr'>sq.</span> <span class='ocrx_word' id='word_1_261' title='bbox 528 2699 545 2741; x_wconf 54' lang='grc' dir='ltr'>ᾧ</span> <span class='ocrx_word' id='word_1_262' title='bbox 575 2698 746 2743; x_wconf 77' lang='lat' dir='ltr'>explicabit</span> <span class='ocrx_word' id='word_1_263' title='bbox 768 2699 932 2732; x_wconf 77' lang='lat' dir='ltr'>Andocidis</span> <span class='ocrx_word' id='word_1_264' title='bbox 962 2707 1089 2731; x_wconf 76' lang='lat' dir='ltr'>stemma</span> <span class='ocrx_word' id='word_1_265' title='bbox 1110 2698 1193 2743; x_wconf 77' lang='lat' dir='ltr'>apud</span> <span class='ocrx_word' id='word_1_266' title='bbox 1216 2699 1420 2743; x_wconf 77' lang='lat' dir='ltr'>Schillerum,</span> <span class='ocrx_word' id='word_1_267' title='bbox 1448 2702 1602 2743; x_wconf 76' lang='lat' dir='ltr'>vatemm,</span> 
     </span>
     <span class='ocr_line' id='line_1_34' title="bbox 171 2757 383 2801; baseline -0.005 -13"><span class='ocrx_word' id='word_1_268' title='bbox 171 2757 383 2801; x_wconf 80' lang='lat' dir='ltr'>Droysenium.</span> 
     </span>
    </p>
   </div>
  </div>
 </body>
</html>
