<?xml version="1.0" encoding="UTF-8"?>
<!DOCTYPE html PUBLIC "-//W3C//DTD XHTML 1.0 Transitional//EN"
    "http://www.w3.org/TR/xhtml1/DTD/xhtml1-transitional.dtd">
<html xmlns="http://www.w3.org/1999/xhtml" xml:lang="en" lang="en">
 <head>
  <title>
</title>
<meta http-equiv="Content-Type" content="text/html;charset=utf-8" />
  <meta name='ocr-system' content='tesseract 3.04.00' />
  <meta name='ocr-capabilities' content='ocr_page ocr_carea ocr_par ocr_line ocrx_word'/>
</head>
<body>
  <div class='ocr_page' id='page_1' title='image "4737205_0047.png"; bbox 0 0 1774 3036; ppageno 0'>
   <div class='ocr_carea' id='block_1_1' title="bbox 823 121 1388 261">
    <p class='ocr_par' dir='ltr' id='par_1_1' title="bbox 823 121 1388 261">
     <span class='ocr_line' id='line_1_1' title="bbox 823 121 1388 254; baseline -0.009 -35"><span class='ocrx_word' id='word_1_1' title='bbox 823 121 878 164; x_wconf 71' lang='lat'><strong>³¹</strong></span> <span class='ocrx_word' id='word_1_2' title='bbox 1093 147 1266 254; x_wconf 37' lang='grc' dir='ltr'><strong>θοῇς</strong></span> <span class='ocrx_word' id='word_1_3' title='bbox 1319 132 1388 215; x_wconf 59' lang='grc' dir='ltr'><strong>,ῑζῡν</strong></span> 
     </span>
     <span class='ocr_line' id='line_1_2' title="bbox 1262 230 1281 261; baseline 0 0"><span class='ocrx_word' id='word_1_4' title='bbox 1262 230 1281 261; x_wconf 84' lang='grc' dir='ltr'><em>Ι</em></span> 
     </span>
    </p>
   </div>
   <div class='ocr_carea' id='block_1_2' title="bbox 132 226 1607 1517">
    <p class='ocr_par' dir='ltr' id='par_1_2' title="bbox 141 226 1566 469">
     <span class='ocr_line' id='line_1_3' title="bbox 141 226 1559 354; baseline -0.002 -47"><span class='ocrx_word' id='word_1_5' title='bbox 141 263 226 308; x_wconf 86' lang='lat' dir='ltr'><strong>Sed</strong></span> <span class='ocrx_word' id='word_1_6' title='bbox 274 274 329 305; x_wconf 86' lang='lat' dir='ltr'><strong>ne</strong></span> <span class='ocrx_word' id='word_1_7' title='bbox 382 277 447 306; x_wconf 85' lang='lat' dir='ltr'><strong>res</strong></span> <span class='ocrx_word' id='word_1_8' title='bbox 498 260 652 305; x_wconf 87' lang='lat' dir='ltr'><strong>diutius</strong></span> <span class='ocrx_word' id='word_1_9' title='bbox 695 274 772 303; x_wconf 88' lang='lat' dir='ltr'><strong>nos</strong></span> <span class='ocrx_word' id='word_1_10' title='bbox 815 246 1023 312; x_wconf 79' lang='lat' dir='ltr'><strong>detineat,</strong></span> <span class='ocrx_word' id='word_1_11' title='bbox 1080 226 1454 354; x_wconf 50' lang='grc' dir='ltr'><strong>ιοροὲςζιέιρῇιόἴῃῃ’Ξζ</strong></span> <span class='ocrx_word' id='word_1_12' title='bbox 1445 274 1559 304; x_wconf 85' lang='lat' dir='ltr'><strong>nune</strong></span> 
     </span>
     <span class='ocr_line' id='line_1_4' title="bbox 142 332 1607 444; baseline 0.001 -62"><span class='ocrx_word' id='word_1_13' title='bbox 142 332 1607 444; x_wconf 36' lang='grc' dir='ltr'><strong>(11Η””81“07.ῧ)ίᾶψαὴς</strong></span> 
     </span>
     <span class='ocr_line' id='line_1_5' title="bbox 202 349 1607 469; baseline -0.002 -13"><span class='ocrx_word' id='word_1_14' title='bbox 202 412 329 456; x_wconf 84' lang='lat' dir='ltr'><strong>Aliud</strong></span> <span class='ocrx_word' id='word_1_15' title='bbox 361 418 444 464; x_wconf 83' lang='lat' dir='ltr'><strong>est,</strong></span> <span class='ocrx_word' id='word_1_16' title='bbox 490 358 614 469; x_wconf 89' lang='lat' dir='ltr'><strong>quod</strong></span> <span class='ocrx_word' id='word_1_17' title='bbox 630 408 863 454; x_wconf 81' lang='lat' dir='ltr'><strong>notandum</strong></span> <span class='ocrx_word' id='word_1_18' title='bbox 893 408 1059 454; x_wconf 86' lang='lat' dir='ltr'><strong>videtur</strong></span> <span class='ocrx_word' id='word_1_19' title='bbox 1087 411 1121 466; x_wconf 77' lang='lat'><strong>§-</strong></span> <span class='ocrx_word' id='word_1_20' title='bbox 1138 409 1219 463; x_wconf 84' lang='lat'><strong>39,</strong></span> <span class='ocrx_word' id='word_1_21' title='bbox 1261 409 1350 454; x_wconf 91' lang='lat' dir='ltr'><strong>ubi</strong></span> <span class='ocrx_word' id='word_1_22' title='bbox 1374 349 1607 469; x_wconf 40' lang='lat' dir='ltr'><strong>legitur&amp;</strong></span> 
     </span>
    </p>

    <p class='ocr_par' dir='ltr' id='par_1_3' title="bbox 139 483 1603 697">
     <span class='ocr_line' id='line_1_6' title="bbox 142 483 1563 546; baseline -0.002 -16"><span class='ocrx_word' id='word_1_23' title='bbox 142 487 229 530; x_wconf 78' lang='grc' dir='ltr'><em>ἰδὼν</em></span> <span class='ocrx_word' id='word_1_24' title='bbox 256 487 298 529; x_wconf 81' lang='grc' dir='ltr'><strong>δὲ</strong></span> <span class='ocrx_word' id='word_1_25' title='bbox 320 487 443 529; x_wconf 79' lang='grc' dir='ltr'><em>ταῦτ’</em></span> <span class='ocrx_word' id='word_1_26' title='bbox 463 484 544 540; x_wconf 79' lang='grc' dir='ltr'><strong>ἔφη</strong></span> <span class='ocrx_word' id='word_1_27' title='bbox 570 485 645 528; x_wconf 74' lang='grc' dir='ltr'><strong>ἐπὶ</strong></span> <span class='ocrx_word' id='word_1_28' title='bbox 660 483 840 538; x_wconf 85' lang='grc' dir='ltr'><em>Λαύριον</em></span> <span class='ocrx_word' id='word_1_29' title='bbox 861 484 986 534; x_wconf 80' lang='grc' dir='ltr'><em>ἰέναι,</em></span> <span class='ocrx_word' id='word_1_30' title='bbox 1020 485 1089 528; x_wconf 77' lang='grc' dir='ltr'><strong>καὶ</strong></span> <span class='ocrx_word' id='word_1_31' title='bbox 1111 492 1162 546; x_wconf 68' lang='grc' dir='ltr'><strong>τῇ</strong></span> <span class='ocrx_word' id='word_1_32' title='bbox 1185 486 1355 544; x_wconf 71' lang='grc' dir='ltr'><em>ὑςεραίοι</em></span> <span class='ocrx_word' id='word_1_33' title='bbox 1377 484 1563 534; x_wconf 85' lang='grc' dir='ltr'><em>ἀκούειν,</em></span> 
     </span>
     <span class='ocr_line' id='line_1_7' title="bbox 139 440 1603 617; baseline -0.001 -13"><span class='ocrx_word' id='word_1_34' title='bbox 139 559 203 604; x_wconf 71' lang='grc' dir='ltr'><strong>ἔτι</strong></span> <span class='ocrx_word' id='word_1_35' title='bbox 242 562 276 604; x_wconf 76' lang='grc' dir='ltr'><strong>οἱ</strong></span> <span class='ocrx_word' id='word_1_36' title='bbox 314 563 470 615; x_wconf 79' lang='grc' dir='ltr'><em>Ἑρμαῖ</em></span> <span class='ocrx_word' id='word_1_37' title='bbox 496 556 577 603; x_wconf 79' lang='grc' dir='ltr'><em>εἷεν</em></span> <span class='ocrx_word' id='word_1_38' title='bbox 609 558 970 614; x_wconf 74' lang='grc' dir='ltr'><strong><em>περικεκομμένοι,</em></strong></span> <span class='ocrx_word' id='word_1_39' title='bbox 1004 559 1076 602; x_wconf 84' lang='lat' dir='ltr'><strong>ubi</strong></span> <span class='ocrx_word' id='word_1_40' title='bbox 1105 574 1183 617; x_wconf 88' lang='lat' dir='ltr'><strong>pro</strong></span> <span class='ocrx_word' id='word_1_41' title='bbox 1212 559 1336 610; x_wconf 85' lang='grc' dir='ltr'><em>ἰέναι,</em></span> <span class='ocrx_word' id='word_1_42' title='bbox 1368 559 1558 608; x_wconf 87' lang='grc' dir='ltr'><em>ἀκούειν,</em></span> <span class='ocrx_word' id='word_1_43' title='bbox 1549 440 1603 593; x_wconf 67' lang='lat' dir='ltr'><strong>ll</strong></span> 
     </span>
     <span class='ocr_line' id='line_1_8' title="bbox 140 622 1218 697; baseline -0.004 -18"><span class='ocrx_word' id='word_1_44' title='bbox 140 622 221 679; x_wconf 62' lang='lat' dir='ltr'><strong>elev</strong></span> <span class='ocrx_word' id='word_1_45' title='bbox 251 633 475 679; x_wconf 88' lang='lat' dir='ltr'><strong>dicendum</strong></span> <span class='ocrx_word' id='word_1_46' title='bbox 505 632 657 685; x_wconf 51' lang='lat' dir='ltr'><strong>fuisset„</strong></span> <span class='ocrx_word' id='word_1_47' title='bbox 675 624 829 685; x_wconf 61' lang='grc' dir='ltr'><em>ἐλθεῖν,</em></span> <span class='ocrx_word' id='word_1_48' title='bbox 860 633 1066 697; x_wconf 82' lang='grc' dir='ltr'><em>ἀκοῦσαι,</em></span> <span class='ocrx_word' id='word_1_49' title='bbox 1099 628 1218 682; x_wconf 76' lang='grc' dir='ltr'><em>ἦσαν.</em></span> 
     </span>
    </p>

    <p class='ocr_par' dir='ltr' id='par_1_4' title="bbox 132 706 1562 902">
     <span class='ocr_line' id='line_1_9' title="bbox 198 706 1562 766; baseline 0 -14"><span class='ocrx_word' id='word_1_50' title='bbox 198 711 219 765; x_wconf 80' lang='lat'>§</span> <span class='ocrx_word' id='word_1_51' title='bbox 251 710 323 752; x_wconf 91' lang='lat'><strong>44.</strong></span> <span class='ocrx_word' id='word_1_52' title='bbox 366 724 465 752; x_wconf 91' lang='lat' dir='ltr'><strong>cum</strong></span> <span class='ocrx_word' id='word_1_53' title='bbox 501 707 627 752; x_wconf 90' lang='lat' dir='ltr'><strong>Codd.</strong></span> <span class='ocrx_word' id='word_1_54' title='bbox 668 706 896 766; x_wconf 89' lang='lat' dir='ltr'><strong>legendum</strong></span> <span class='ocrx_word' id='word_1_55' title='bbox 941 706 1108 751; x_wconf 87' lang='lat' dir='ltr'><strong>videtur</strong></span> <span class='ocrx_word' id='word_1_56' title='bbox 1149 706 1396 763; x_wconf 76' lang='grc' dir='ltr'><em>ἀφηφίωνα.</em></span> <span class='ocrx_word' id='word_1_57' title='bbox 1466 709 1562 752; x_wconf 83' lang='lat' dir='ltr'>Fuit</span> 
     </span>
     <span class='ocr_line' id='line_1_10' title="bbox 132 781 1559 841; baseline 0.001 -15"><span class='ocrx_word' id='word_1_58' title='bbox 132 788 192 826; x_wconf 87' lang='lat' dir='ltr'><strong>-ut</strong></span> <span class='ocrx_word' id='word_1_59' title='bbox 218 782 397 826; x_wconf 89' lang='lat' dir='ltr'><strong>coniicio</strong></span> <span class='ocrx_word' id='word_1_60' title='bbox 422 790 551 841; x_wconf 83' lang='lat' dir='ltr'><strong>nepos</strong></span> <span class='ocrx_word' id='word_1_61' title='bbox 577 782 801 827; x_wconf 83' lang='lat' dir='ltr'><strong>Archontis</strong></span> <span class='ocrx_word' id='word_1_62' title='bbox 828 783 1036 841; x_wconf 81' lang='lat' dir='ltr'><strong>Eponymi</strong></span> <span class='ocrx_word' id='word_1_63' title='bbox 1064 781 1134 827; x_wconf 91' lang='lat' dir='ltr'><strong>Ol.</strong></span> <span class='ocrx_word' id='word_1_64' title='bbox 1160 783 1369 830; x_wconf 87' lang='lat' dir='ltr'>LXXVII.</span> <span class='ocrx_word' id='word_1_65' title='bbox 1395 783 1438 827; x_wconf 89' lang='lat'><strong>4.</strong></span> <span class='ocrx_word' id='word_1_66' title='bbox 1475 783 1559 827; x_wconf 88' lang='lat' dir='ltr'><strong>No-</strong></span> 
     </span>
     <span class='ocr_line' id='line_1_11' title="bbox 139 857 1027 902; baseline 0.001 -1"><span class='ocrx_word' id='word_1_67' title='bbox 139 872 237 901; x_wconf 85' lang='lat' dir='ltr'><strong>men</strong></span> <span class='ocrx_word' id='word_1_68' title='bbox 266 857 326 901; x_wconf 85' lang='lat' dir='ltr'><strong>sic</strong></span> <span class='ocrx_word' id='word_1_69' title='bbox 354 857 550 901; x_wconf 82' lang='lat' dir='ltr'><strong>scribitur</strong></span> <span class='ocrx_word' id='word_1_70' title='bbox 577 858 624 901; x_wconf 90' lang='lat' dir='ltr'><strong>in</strong></span> <span class='ocrx_word' id='word_1_71' title='bbox 646 872 862 902; x_wconf 83' lang='lat' dir='ltr'><strong>marmore</strong></span> <span class='ocrx_word' id='word_1_72' title='bbox 891 857 1027 902; x_wconf 84' lang='lat' dir='ltr'><strong>Pario.</strong></span> 
     </span>
    </p>

    <p class='ocr_par' dir='ltr' id='par_1_5' title="bbox 135 931 1557 1135">
     <span class='ocr_line' id='line_1_12' title="bbox 198 931 1557 992; baseline 0.001 -17"><span class='ocrx_word' id='word_1_73' title='bbox 198 934 249 976; x_wconf 86' lang='lat' dir='ltr'><strong>In</strong></span> <span class='ocrx_word' id='word_1_74' title='bbox 293 932 441 977; x_wconf 86' lang='lat' dir='ltr'><strong>eadem</strong></span> <span class='ocrx_word' id='word_1_75' title='bbox 476 934 497 989; x_wconf 80' lang='lat'>§</span> <span class='ocrx_word' id='word_1_76' title='bbox 527 932 706 992; x_wconf 84' lang='lat' dir='ltr'><strong>legitur,</strong></span> <span class='ocrx_word' id='word_1_77' title='bbox 752 931 1001 976; x_wconf 84' lang='lat' dir='ltr'><strong>Pisandrum</strong></span> <span class='ocrx_word' id='word_1_78' title='bbox 1031 931 1193 985; x_wconf 81' lang='lat' dir='ltr'><strong>tulisse,</strong></span> <span class='ocrx_word' id='word_1_79' title='bbox 1233 939 1283 976; x_wconf 92' lang='lat' dir='ltr'><strong>ut</strong></span> <span class='ocrx_word' id='word_1_80' title='bbox 1326 932 1557 991; x_wconf 82' lang='lat' dir='ltr'><strong>abrogare-</strong></span> 
     </span>
     <span class='ocr_line' id='line_1_13' title="bbox 137 1005 1555 1065; baseline -0.001 -15"><span class='ocrx_word' id='word_1_81' title='bbox 137 1013 210 1050; x_wconf 88' lang='lat' dir='ltr'><strong>tur</strong></span> <span class='ocrx_word' id='word_1_82' title='bbox 232 1006 493 1051; x_wconf 81' lang='lat' dir='ltr'><strong>Scamandrii</strong></span> <span class='ocrx_word' id='word_1_83' title='bbox 520 1006 628 1050; x_wconf 87' lang='lat' dir='ltr'><strong>illud</strong></span> <span class='ocrx_word' id='word_1_84' title='bbox 649 1006 891 1065; x_wconf 81' lang='lat' dir='ltr'><strong>psephisma·</strong></span> <span class='ocrx_word' id='word_1_85' title='bbox 910 1013 952 1050; x_wconf 87' lang='lat' dir='ltr'><strong>et</strong></span> <span class='ocrx_word' id='word_1_86' title='bbox 975 1006 1117 1050; x_wconf 83' lang='lat' dir='ltr'><strong>statim</strong></span> <span class='ocrx_word' id='word_1_87' title='bbox 1145 1005 1285 1050; x_wconf 79' lang='lat' dir='ltr'><strong>subdit</strong></span> <span class='ocrx_word' id='word_1_88' title='bbox 1311 1005 1555 1050; x_wconf 77' lang='lat' dir='ltr'><strong>Andocides:</strong></span> 
     </span>
     <span class='ocr_line' id='line_1_14' title="bbox 135 1069 1387 1135; baseline 0.001 -11"><span class='ocrx_word' id='word_1_89' title='bbox 135 1081 365 1135; x_wconf 71' lang='grc' dir='ltr'><em>ἀνέκραγεν</em></span> <span class='ocrx_word' id='word_1_90' title='bbox 395 1084 419 1133; x_wconf 77' lang='grc' dir='ltr'><strong><em>ἡ</em></strong></span> <span class='ocrx_word' id='word_1_91' title='bbox 451 1082 584 1135; x_wconf 72' lang='grc' dir='ltr'><strong><em>βουλὴ</em></strong></span> <span class='ocrx_word' id='word_1_92' title='bbox 613 1082 665 1131; x_wconf 78' lang='grc' dir='ltr'><strong>ὦς</strong></span> <span class='ocrx_word' id='word_1_93' title='bbox 696 1078 742 1126; x_wconf 79' lang='grc' dir='ltr'><strong>εὖ</strong></span> <span class='ocrx_word' id='word_1_94' title='bbox 770 1081 905 1134; x_wconf 72' lang='grc' dir='ltr'><strong>λέγει.</strong></span> <span class='ocrx_word' id='word_1_95' title='bbox 948 1082 1057 1125; x_wconf 92' lang='lat' dir='ltr'><strong>Puto</strong></span> <span class='ocrx_word' id='word_1_96' title='bbox 1086 1080 1223 1134; x_wconf 74' lang='grc' dir='ltr'><em>λέγοι.</em></span> <span class='ocrx_word' id='word_1_97' title='bbox 1382 1069 1387 1074; x_wconf 49' lang='grc'><em>“</em></span> 
     </span>
    </p>

    <p class='ocr_par' dir='ltr' id='par_1_6' title="bbox 134 1156 1592 1438">
     <span class='ocr_line' id='line_1_15' title="bbox 196 1156 1558 1214; baseline 0 -15"><span class='ocrx_word' id='word_1_98' title='bbox 196 1158 316 1211; x_wconf 84' lang='lat' dir='ltr'><strong>Quae</strong></span> <span class='ocrx_word' id='word_1_99' title='bbox 339 1157 407 1199; x_wconf 88' lang='lat' dir='ltr'><strong>his</strong></span> <span class='ocrx_word' id='word_1_100' title='bbox 431 1158 473 1212; x_wconf 82' lang='lat'><strong>§§</strong></span> <span class='ocrx_word' id='word_1_101' title='bbox 495 1157 782 1209; x_wconf 85' lang='lat' dir='ltr'><strong>continentur,</strong></span> <span class='ocrx_word' id='word_1_102' title='bbox 811 1157 1047 1200; x_wconf 85' lang='lat' dir='ltr'><strong>necessario</strong></span> <span class='ocrx_word' id='word_1_103' title='bbox 1075 1156 1321 1199; x_wconf 86' lang='lat' dir='ltr'><strong>acciderunt</strong></span> <span class='ocrx_word' id='word_1_104' title='bbox 1347 1161 1441 1214; x_wconf 89' lang='lat' dir='ltr'><strong>post</strong></span> <span class='ocrx_word' id='word_1_105' title='bbox 1459 1170 1558 1213; x_wconf 90' lang='lat' dir='ltr'><strong>pro-</strong></span> 
     </span>
     <span class='ocr_line' id='line_1_16' title="bbox 136 1229 1592 1309; baseline 0 -35"><span class='ocrx_word' id='word_1_106' title='bbox 136 1229 290 1274; x_wconf 68' lang='lat' dir='ltr'><strong>fectum</strong></span> <span class='ocrx_word' id='word_1_107' title='bbox 324 1230 499 1274; x_wconf 84' lang='lat' dir='ltr'><strong>classem</strong></span> <span class='ocrx_word' id='word_1_108' title='bbox 528 1235 570 1273; x_wconf 84' lang='lat' dir='ltr'><strong>et</strong></span> <span class='ocrx_word' id='word_1_109' title='bbox 597 1229 837 1274; x_wconf 82' lang='lat' dir='ltr'><strong>indicantur</strong></span> <span class='ocrx_word' id='word_1_110' title='bbox 866 1230 995 1274; x_wconf 86' lang='lat' dir='ltr'><strong>verbo</strong></span> <span class='ocrx_word' id='word_1_111' title='bbox 1024 1246 1051 1274; x_wconf 84' lang='lat' dir='ltr'>a</span> <span class='ocrx_word' id='word_1_112' title='bbox 1079 1230 1211 1275; x_wconf 86' lang='lat' dir='ltr'><strong>Thuc.</strong></span> <span class='ocrx_word' id='word_1_113' title='bbox 1243 1232 1316 1277; x_wconf 86' lang='lat' dir='ltr'><strong>VI.</strong></span> <span class='ocrx_word' id='word_1_114' title='bbox 1344 1231 1416 1274; x_wconf 87' lang='lat'><strong>61.</strong></span> <span class='ocrx_word' id='word_1_115' title='bbox 1476 1230 1559 1274; x_wconf 86' lang='lat' dir='ltr'><strong>Sed</strong></span> <span class='ocrx_word' id='word_1_116' title='bbox 1586 1260 1592 1309; x_wconf 55' lang='grc' dir='ltr'>Ι</span> 
     </span>
     <span class='ocr_line' id='line_1_17' title="bbox 134 1303 1559 1365; baseline 0.001 -18"><span class='ocrx_word' id='word_1_117' title='bbox 134 1319 221 1348; x_wconf 91' lang='lat' dir='ltr'><strong>non</strong></span> <span class='ocrx_word' id='word_1_118' title='bbox 245 1305 455 1365; x_wconf 85' lang='lat' dir='ltr'><strong>intelligo,</strong></span> <span class='ocrx_word' id='word_1_119' title='bbox 487 1303 700 1363; x_wconf 89' lang='lat' dir='ltr'><strong>quomodo</strong></span> <span class='ocrx_word' id='word_1_120' title='bbox 719 1304 972 1359; x_wconf 83' lang='lat' dir='ltr'><strong>Andocides,</strong></span> <span class='ocrx_word' id='word_1_121' title='bbox 999 1305 1034 1348; x_wconf 88' lang='lat' dir='ltr'><strong>si</strong></span> <span class='ocrx_word' id='word_1_122' title='bbox 1057 1304 1183 1349; x_wconf 85' lang='lat' dir='ltr'><strong>modo</strong></span> <span class='ocrx_word' id='word_1_123' title='bbox 1203 1305 1448 1364; x_wconf 77' lang='lat' dir='ltr'><strong>perspicuus</strong></span> <span class='ocrx_word' id='word_1_124' title='bbox 1470 1319 1559 1349; x_wconf 86' lang='lat' dir='ltr'><strong>esse</strong></span> 
     </span>
     <span class='ocr_line' id='line_1_18' title="bbox 136 1379 1132 1438; baseline 0 -15"><span class='ocrx_word' id='word_1_125' title='bbox 136 1379 337 1434; x_wconf 87' lang='lat' dir='ltr'><strong>voluerit,</strong></span> <span class='ocrx_word' id='word_1_126' title='bbox 369 1380 451 1424; x_wconf 92' lang='lat' dir='ltr'><strong>hoc</strong></span> <span class='ocrx_word' id='word_1_127' title='bbox 478 1395 651 1438; x_wconf 87' lang='lat' dir='ltr'><strong>prorsus</strong></span> <span class='ocrx_word' id='word_1_128' title='bbox 678 1380 908 1438; x_wconf 78' lang='lat' dir='ltr'><strong>praeterire</strong></span> <span class='ocrx_word' id='word_1_129' title='bbox 935 1380 1132 1438; x_wconf 84' lang='lat' dir='ltr'><strong>potuerit.</strong></span> 
     </span>
    </p>

    <p class='ocr_par' dir='ltr' id='par_1_7' title="bbox 192 1453 1556 1517">
     <span class='ocr_line' id='line_1_19' title="bbox 192 1453 1556 1517; baseline 0.001 -20"><span class='ocrx_word' id='word_1_130' title='bbox 192 1455 344 1512; x_wconf 32' lang='lat' dir='ltr'><strong>Neque.</strong></span> <span class='ocrx_word' id='word_1_131' title='bbox 376 1453 514 1507; x_wconf 86' lang='lat' dir='ltr'><strong>video,</strong></span> <span class='ocrx_word' id='word_1_132' title='bbox 561 1454 635 1512; x_wconf 89' lang='lat' dir='ltr'><strong>qui</strong></span> <span class='ocrx_word' id='word_1_133' title='bbox 672 1453 832 1499; x_wconf 80' lang='lat' dir='ltr'><strong>factum</strong></span> <span class='ocrx_word' id='word_1_134' title='bbox 871 1454 941 1498; x_wconf 89' lang='lat' dir='ltr'><strong>sit·</strong></span> <span class='ocrx_word' id='word_1_135' title='bbox 960 1460 1028 1508; x_wconf 87' lang='lat' dir='ltr'><strong>ut,</strong></span> <span class='ocrx_word' id='word_1_136' title='bbox 1075 1454 1151 1517; x_wconf 72' lang='lat' dir='ltr'><strong>gui</strong></span> <span class='ocrx_word' id='word_1_137' title='bbox 1179 1454 1374 1499; x_wconf 81' lang='lat' dir='ltr'><strong>Timaeus</strong></span> <span class='ocrx_word' id='word_1_138' title='bbox 1402 1453 1556 1499; x_wconf 90' lang='lat' dir='ltr'><strong>dicitur</strong></span> 
     </span>
    </p>
   </div>
   <div class='ocr_carea' id='block_1_3' title="bbox 133 1518 1705 1668">
    <p class='ocr_par' dir='ltr' id='par_1_8' title="bbox 133 1518 1705 1668">
     <span class='ocr_line' id='line_1_20' title="bbox 133 1518 1705 1590; baseline 0.001 -19"><span class='ocrx_word' id='word_1_139' title='bbox 133 1527 248 1584; x_wconf 79' lang='lat' dir='ltr'><strong>apud</strong></span> <span class='ocrx_word' id='word_1_140' title='bbox 281 1528 393 1572; x_wconf 90' lang='lat' dir='ltr'><strong>Plut.</strong></span> <span class='ocrx_word' id='word_1_141' title='bbox 424 1528 515 1571; x_wconf 89' lang='lat' dir='ltr'><strong>Alc.</strong></span> <span class='ocrx_word' id='word_1_142' title='bbox 547 1528 627 1579; x_wconf 84' lang='lat'><strong>21,</strong></span> <span class='ocrx_word' id='word_1_143' title='bbox 664 1526 905 1570; x_wconf 78' lang='lat' dir='ltr'><strong>Charmides</strong></span> <span class='ocrx_word' id='word_1_144' title='bbox 934 1518 1098 1570; x_wconf 81' lang='lat' dir='ltr'><strong>dicatur</strong></span> <span class='ocrx_word' id='word_1_145' title='bbox 1137 1528 1159 1590; x_wconf 66' lang='grc' dir='ltr'>ξ</span> <span class='ocrx_word' id='word_1_146' title='bbox 1189 1528 1263 1571; x_wconf 87' lang='lat'><strong>48.</strong></span> <span class='ocrx_word' id='word_1_147' title='bbox 1333 1529 1387 1570; x_wconf 87' lang='lat' dir='ltr'><strong>Et</strong></span> <span class='ocrx_word' id='word_1_148' title='bbox 1413 1533 1555 1572; x_wconf 81' lang='lat' dir='ltr'><strong>tamen</strong></span> <span class='ocrx_word' id='word_1_149' title='bbox 1664 1556 1705 1576; x_wconf 59' lang='lat' dir='ltr'><strong>z.</strong></span> 
     </span>
     <span class='ocr_line' id='line_1_21' title="bbox 134 1599 1690 1668; baseline 0.001 -24"><span class='ocrx_word' id='word_1_150' title='bbox 134 1616 221 1645; x_wconf 89' lang='lat' dir='ltr'><strong>non</strong></span> <span class='ocrx_word' id='word_1_151' title='bbox 249 1601 414 1654; x_wconf 90' lang='lat' dir='ltr'><strong>dubito,</strong></span> <span class='ocrx_word' id='word_1_152' title='bbox 446 1599 1236 1668; x_wconf 56' lang='lat' dir='ltr'><strong>PQOQQ.</strong></span> <span class='ocrx_word' id='word_1_153' title='bbox 1654 1627 1690 1638; x_wconf 51' lang='grc' dir='ltr'>ω</span> 
     </span>
    </p>
   </div>
   <div class='ocr_carea' id='block_1_4' title="bbox 131 1672 1584 2479">
    <p class='ocr_par' dir='ltr' id='par_1_9' title="bbox 133 1672 1584 1952">
     <span class='ocr_line' id='line_1_22' title="bbox 192 1672 1556 1734; baseline 0 -14"><span class='ocrx_word' id='word_1_154' title='bbox 192 1675 352 1720; x_wconf 83' lang='lat' dir='ltr'><strong>Vitium</strong></span> <span class='ocrx_word' id='word_1_155' title='bbox 382 1674 615 1719; x_wconf 87' lang='lat' dir='ltr'><strong>tollendum</strong></span> <span class='ocrx_word' id='word_1_156' title='bbox 644 1677 746 1731; x_wconf 80' lang='lat' dir='ltr'><strong>est§</strong></span> <span class='ocrx_word' id='word_1_157' title='bbox 773 1675 850 1718; x_wconf 82' lang='lat'><strong>52:</strong></span> <span class='ocrx_word' id='word_1_158' title='bbox 882 1675 1083 1730; x_wconf 72' lang='grc' dir='ltr'><strong>τέτταρες</strong></span> <span class='ocrx_word' id='word_1_159' title='bbox 1114 1676 1151 1720; x_wconf 80' lang='grc' dir='ltr'><strong>δ’</strong></span> <span class='ocrx_word' id='word_1_160' title='bbox 1180 1672 1286 1725; x_wconf 75' lang='grc' dir='ltr'><em>ἦσαν</em></span> <span class='ocrx_word' id='word_1_161' title='bbox 1322 1675 1556 1734; x_wconf 73' lang='grc' dir='ltr'><strong><em>ὑπόλοιποι,</em></strong></span> 
     </span>
     <span class='ocr_line' id='line_1_23' title="bbox 133 1748 1584 1856; baseline 0.001 -63"><span class='ocrx_word' id='word_1_162' title='bbox 133 1748 171 1793; x_wconf 82' lang='grc' dir='ltr'><strong>οἳ</strong></span> <span class='ocrx_word' id='word_1_163' title='bbox 208 1750 281 1794; x_wconf 82' lang='grc' dir='ltr'><strong>οὐκ</strong></span> <span class='ocrx_word' id='word_1_164' title='bbox 313 1749 570 1804; x_wconf 73' lang='grc' dir='ltr'><em>ἐμηνύθησαν</em></span> <span class='ocrx_word' id='word_1_165' title='bbox 605 1749 682 1793; x_wconf 77' lang='grc' dir='ltr'><strong>ὑπὸ</strong></span> <span class='ocrx_word' id='word_1_166' title='bbox 722 1749 904 1804; x_wconf 84' lang='grc' dir='ltr'><strong>Τεύκρου</strong></span> <span class='ocrx_word' id='word_1_167' title='bbox 936 1752 1016 1794; x_wconf 76' lang='grc' dir='ltr'><strong>τῶν</strong></span> <span class='ocrx_word' id='word_1_168' title='bbox 1052 1748 1355 1801; x_wconf 74' lang='grc' dir='ltr'><strong>πεποιηκότων,</strong></span> <span class='ocrx_word' id='word_1_169' title='bbox 1391 1751 1584 1856; x_wconf 53' lang='grc' dir='ltr'><strong>Παπαῖ-Ι</strong></span> 
     </span>
     <span class='ocr_line' id='line_1_24' title="bbox 133 1823 1555 1880; baseline 0.001 -12"><span class='ocrx_word' id='word_1_170' title='bbox 133 1841 244 1874; x_wconf 71' lang='grc' dir='ltr'><em>τιος,</em></span> <span class='ocrx_word' id='word_1_171' title='bbox 277 1825 548 1880; x_wconf 75' lang='grc' dir='ltr'><em>Χαιρέδημος,</em></span> <span class='ocrx_word' id='word_1_172' title='bbox 586 1823 832 1879; x_wconf 78' lang='grc' dir='ltr'><em>Διάκριτος,</em></span> <span class='ocrx_word' id='word_1_173' title='bbox 864 1825 1140 1880; x_wconf 53' lang='lat' dir='ltr'><strong>Amris-paroc.</strong></span> <span class='ocrx_word' id='word_1_174' title='bbox 1200 1825 1330 1870; x_wconf 79' lang='lat' dir='ltr'><strong>Eiioe:</strong></span> <span class='ocrx_word' id='word_1_175' title='bbox 1361 1830 1443 1869; x_wconf 76' lang='grc' dir='ltr'><strong>τῶν</strong></span> <span class='ocrx_word' id='word_1_176' title='bbox 1478 1841 1555 1870; x_wconf 78' lang='grc' dir='ltr'><strong>πε-</strong></span> 
     </span>
     <span class='ocr_line' id='line_1_25' title="bbox 134 1900 373 1952; baseline -0.004 -8"><span class='ocrx_word' id='word_1_177' title='bbox 134 1900 373 1952; x_wconf 79' lang='grc' dir='ltr'><em>ποιηκότων.</em></span> 
     </span>
    </p>

    <p class='ocr_par' dir='ltr' id='par_1_10' title="bbox 131 1972 1552 2252">
     <span class='ocr_line' id='line_1_26' title="bbox 191 1972 1549 2029; baseline 0.002 -13"><span class='ocrx_word' id='word_1_178' title='bbox 191 1974 475 2017; x_wconf 84' lang='lat' dir='ltr'><strong>Denunciarat</strong></span> <span class='ocrx_word' id='word_1_179' title='bbox 510 1973 733 2025; x_wconf 80' lang='lat' dir='ltr'><strong>DioclideS,</strong></span> <span class='ocrx_word' id='word_1_180' title='bbox 765 1987 809 2016; x_wconf 88' lang='lat' dir='ltr'><strong>se</strong></span> <span class='ocrx_word' id='word_1_181' title='bbox 838 1972 985 2017; x_wconf 84' lang='lat' dir='ltr'><strong>vidisse</strong></span> <span class='ocrx_word' id='word_1_182' title='bbox 1004 1972 1068 2016; x_wconf 83' lang='lat' dir='ltr'><strong>-ad</strong></span> <span class='ocrx_word' id='word_1_183' title='bbox 1096 1979 1305 2018; x_wconf 85' lang='lat' dir='ltr'><strong>trecentos</strong></span> <span class='ocrx_word' id='word_1_184' title='bbox 1337 1973 1549 2029; x_wconf 89' lang='lat' dir='ltr'><strong>homines;</strong></span> 
     </span>
     <span class='ocr_line' id='line_1_27' title="bbox 131 2046 1552 2110; baseline 0.001 -18"><span class='ocrx_word' id='word_1_185' title='bbox 131 2048 303 2093; x_wconf 85' lang='lat' dir='ltr'><strong>nomina</strong></span> <span class='ocrx_word' id='word_1_186' title='bbox 341 2046 549 2092; x_wconf 83' lang='lat' dir='ltr'><strong>detulerat</strong></span> <span class='ocrx_word' id='word_1_187' title='bbox 585 2046 671 2091; x_wconf 90' lang='lat' dir='ltr'><strong>duo</strong></span> <span class='ocrx_word' id='word_1_188' title='bbox 709 2052 752 2091; x_wconf 92' lang='lat' dir='ltr'><strong>et</strong></span> <span class='ocrx_word' id='word_1_189' title='bbox 781 2046 1075 2108; x_wconf 83' lang='lat' dir='ltr'><strong>quadraginta.</strong></span> <span class='ocrx_word' id='word_1_190' title='bbox 1121 2047 1184 2094; x_wconf 85' lang='lat' dir='ltr'><strong>Cf.</strong></span> <span class='ocrx_word' id='word_1_191' title='bbox 1221 2050 1243 2106; x_wconf 81' lang='lat'>§</span> <span class='ocrx_word' id='word_1_192' title='bbox 1274 2050 1347 2095; x_wconf 82' lang='lat'><strong>43.</strong></span> <span class='ocrx_word' id='word_1_193' title='bbox 1408 2049 1552 2110; x_wconf 85' lang='lat' dir='ltr'><strong>Negli-</strong></span> 
     </span>
     <span class='ocr_line' id='line_1_28' title="bbox 132 2120 1551 2181; baseline 0.002 -15"><span class='ocrx_word' id='word_1_194' title='bbox 132 2128 281 2180; x_wconf 76' lang='lat' dir='ltr'><strong>genter</strong></span> <span class='ocrx_word' id='word_1_195' title='bbox 309 2135 412 2164; x_wconf 88' lang='lat' dir='ltr'><strong>vero</strong></span> <span class='ocrx_word' id='word_1_196' title='bbox 438 2126 586 2164; x_wconf 81' lang='lat' dir='ltr'><strong>auctor</strong></span> <span class='ocrx_word' id='word_1_197' title='bbox 613 2121 658 2164; x_wconf 91' lang='lat' dir='ltr'><strong>in</strong></span> <span class='ocrx_word' id='word_1_198' title='bbox 686 2120 955 2179; x_wconf 85' lang='lat' dir='ltr'><strong>sequentibus</strong></span> <span class='ocrx_word' id='word_1_199' title='bbox 983 2137 1183 2166; x_wconf 84' lang='lat' dir='ltr'><strong>numeros</strong></span> <span class='ocrx_word' id='word_1_200' title='bbox 1210 2123 1445 2181; x_wconf 83' lang='lat' dir='ltr'><strong>permiscet.</strong></span> <span class='ocrx_word' id='word_1_201' title='bbox 1486 2124 1551 2169; x_wconf 84' lang='lat' dir='ltr'><strong>cf.</strong></span> 
     </span>
     <span class='ocr_line' id='line_1_29' title="bbox 131 2194 438 2252; baseline 0.003 -15"><span class='ocrx_word' id='word_1_202' title='bbox 131 2198 175 2252; x_wconf 54' lang='grc' dir='ltr'><strong>ἕξ</strong></span> <span class='ocrx_word' id='word_1_203' title='bbox 208 2195 263 2238; x_wconf 87' lang='grc'><strong>51</strong></span> <span class='ocrx_word' id='word_1_204' title='bbox 295 2200 337 2237; x_wconf 82' lang='lat' dir='ltr'><strong>et</strong></span> <span class='ocrx_word' id='word_1_205' title='bbox 367 2194 438 2238; x_wconf 88' lang='lat'><strong>58.</strong></span> 
     </span>
    </p>

    <p class='ocr_par' dir='ltr' id='par_1_11' title="bbox 132 2269 1551 2479">
     <span class='ocr_line' id='line_1_30' title="bbox 190 2269 1548 2333; baseline 0.004 -20"><span class='ocrx_word' id='word_1_206' title='bbox 190 2273 211 2327; x_wconf 83' lang='lat'>§</span> <span class='ocrx_word' id='word_1_207' title='bbox 238 2269 308 2313; x_wconf 82' lang='lat'><strong>65.</strong></span> <span class='ocrx_word' id='word_1_208' title='bbox 339 2269 543 2314; x_wconf 87' lang='lat' dir='ltr'><strong>Dioclides</strong></span> <span class='ocrx_word' id='word_1_209' title='bbox 571 2286 615 2314; x_wconf 88' lang='lat' dir='ltr'><strong>se</strong></span> <span class='ocrx_word' id='word_1_210' title='bbox 644 2270 887 2333; x_wconf 86' lang='lat' dir='ltr'><strong>instigatum</strong></span> <span class='ocrx_word' id='word_1_211' title='bbox 918 2270 1042 2315; x_wconf 82' lang='lat' dir='ltr'><strong>fuisse</strong></span> <span class='ocrx_word' id='word_1_212' title='bbox 1061 2270 1160 2317; x_wconf 88' lang='lat' dir='ltr'><strong>dicit</strong></span> <span class='ocrx_word' id='word_1_213' title='bbox 1183 2286 1210 2315; x_wconf 87' lang='lat' dir='ltr'><strong>a</strong></span> <span class='ocrx_word' id='word_1_214' title='bbox 1238 2269 1402 2332; x_wconf 85' lang='lat' dir='ltr'><strong>duobus</strong></span> <span class='ocrx_word' id='word_1_215' title='bbox 1431 2273 1548 2327; x_wconf 84' lang='lat' dir='ltr'><strong>viris,</strong></span> 
     </span>
     <span class='ocr_line' id='line_1_31' title="bbox 132 2344 1551 2403; baseline 0.002 -13"><span class='ocrx_word' id='word_1_216' title='bbox 132 2360 316 2403; x_wconf 89' lang='lat' dir='ltr'><strong>quorum</strong></span> <span class='ocrx_word' id='word_1_217' title='bbox 340 2344 511 2388; x_wconf 86' lang='lat' dir='ltr'><strong>nomina</strong></span> <span class='ocrx_word' id='word_1_218' title='bbox 531 2344 666 2390; x_wconf 82' lang='lat' dir='ltr'><strong>fuere:</strong></span> <span class='ocrx_word' id='word_1_219' title='bbox 695 2345 971 2399; x_wconf 69' lang='grc' dir='ltr'><em>Ἀλκιβιάδης</em></span> <span class='ocrx_word' id='word_1_220' title='bbox 991 2346 1009 2389; x_wconf 88' lang='lat' dir='ltr'><strong>o‘</strong></span> <span class='ocrx_word' id='word_1_221' title='bbox 1032 2346 1258 2400; x_wconf 73' lang='grc' dir='ltr'><em>Φηγούσιος</em></span> <span class='ocrx_word' id='word_1_222' title='bbox 1279 2349 1349 2392; x_wconf 80' lang='grc' dir='ltr'><strong>καὶ</strong></span> <span class='ocrx_word' id='word_1_223' title='bbox 1374 2349 1551 2401; x_wconf 84' lang='grc' dir='ltr'><em>Ἀμίαν-</em></span> 
     </span>
     <span class='ocr_line' id='line_1_32' title="bbox 132 2418 1549 2479; baseline 0.005 -17"><span class='ocrx_word' id='word_1_224' title='bbox 132 2436 201 2468; x_wconf 84' lang='grc' dir='ltr'><strong>τος</strong></span> <span class='ocrx_word' id='word_1_225' title='bbox 230 2421 248 2463; x_wconf 87' lang='grc' dir='ltr'><em>ὃ</em></span> <span class='ocrx_word' id='word_1_226' title='bbox 280 2419 326 2472; x_wconf 77' lang='grc' dir='ltr'><strong>ἐξ</strong></span> <span class='ocrx_word' id='word_1_227' title='bbox 353 2418 540 2472; x_wconf 73' lang='grc' dir='ltr'><strong>Αἰγίνης.</strong></span> <span class='ocrx_word' id='word_1_228' title='bbox 602 2421 911 2479; x_wconf 87' lang='lat' dir='ltr'><strong>Requiruntur,</strong></span> <span class='ocrx_word' id='word_1_229' title='bbox 943 2420 988 2465; x_wconf 85' lang='lat' dir='ltr'><strong>ni</strong></span> <span class='ocrx_word' id='word_1_230' title='bbox 1018 2420 1162 2476; x_wconf 85' lang='lat' dir='ltr'><strong>fallor,</strong></span> <span class='ocrx_word' id='word_1_231' title='bbox 1193 2421 1376 2467; x_wconf 87' lang='lat' dir='ltr'><strong>duorum</strong></span> <span class='ocrx_word' id='word_1_232' title='bbox 1401 2424 1549 2469; x_wconf 74' lang='lat' dir='ltr'><strong>civium</strong></span> 
     </span>
    </p>
   </div>
   <div class='ocr_carea' id='block_1_5' title="bbox 1670 1793 1686 1838">
    <p class='ocr_par' dir='ltr' id='par_1_12' title="bbox 1670 1793 1686 1838">
     <span class='ocr_line' id='line_1_33' title="bbox 1670 1793 1686 1838; baseline 0 0"><span class='ocrx_word' id='word_1_233' title='bbox 1670 1793 1686 1838; x_wconf 74' lang='lat'>3</span> 
     </span>
    </p>
   </div>
   <div class='ocr_carea' id='block_1_6' title="bbox 134 2542 460 2553">
    <p class='ocr_par' dir='ltr' id='par_1_13' title="bbox 134 2542 460 2553">
     <span class='ocr_line' id='line_1_34' title="bbox 134 2542 460 2553; baseline 0 0"><span class='ocrx_word' id='word_1_234' title='bbox 134 2542 460 2553; x_wconf 95' lang='lat' dir='ltr'><strong> </strong></span> 
     </span>
    </p>
   </div>
   <div class='ocr_carea' id='block_1_7' title="bbox 125 2615 1675 2777">
    <p class='ocr_par' dir='ltr' id='par_1_14' title="bbox 125 2615 1675 2777">
     <span class='ocr_line' id='line_1_35' title="bbox 170 2615 1554 2661; baseline 0.004 -13"><span class='ocrx_word' id='word_1_235' title='bbox 170 2616 212 2661; x_wconf 81' lang='grc'><strong>78)</strong></span> <span class='ocrx_word' id='word_1_236' title='bbox 237 2618 324 2650; x_wconf 83' lang='lat' dir='ltr'><strong>Nunc</strong></span> <span class='ocrx_word' id='word_1_237' title='bbox 347 2617 479 2650; x_wconf 80' lang='lat' dir='ltr'><strong>sufficiat</strong></span> <span class='ocrx_word' id='word_1_238' title='bbox 502 2617 576 2650; x_wconf 83' lang='lat' dir='ltr'><strong>haec</strong></span> <span class='ocrx_word' id='word_1_239' title='bbox 596 2616 750 2649; x_wconf 82' lang='lat' dir='ltr'><strong>laudasse:</strong></span> <span class='ocrx_word' id='word_1_240' title='bbox 782 2616 820 2648; x_wconf 83' lang='lat' dir='ltr'><strong>de</strong></span> <span class='ocrx_word' id='word_1_241' title='bbox 842 2616 930 2649; x_wconf 87' lang='lat' dir='ltr'><strong>domo</strong></span> <span class='ocrx_word' id='word_1_242' title='bbox 954 2615 1117 2649; x_wconf 73' lang='lat' dir='ltr'><strong>Andocidis</strong></span> <span class='ocrx_word' id='word_1_243' title='bbox 1142 2617 1184 2649; x_wconf 79' lang='lat' dir='ltr'><strong>cf.</strong></span> <span class='ocrx_word' id='word_1_244' title='bbox 1210 2623 1330 2660; x_wconf 78' lang='lat' dir='ltr'><strong>praeter</strong></span> <span class='ocrx_word' id='word_1_245' title='bbox 1351 2617 1451 2661; x_wconf 74' lang='lat' dir='ltr'><strong>ipsam</strong></span> <span class='ocrx_word' id='word_1_246' title='bbox 1472 2618 1554 2653; x_wconf 77' lang='lat' dir='ltr'><strong>Orat.</strong></span> 
     </span>
     <span class='ocr_line' id='line_1_36' title="bbox 125 2639 1675 2723; baseline 0.001 -19"><span class='ocrx_word' id='word_1_247' title='bbox 125 2673 162 2705; x_wconf 86' lang='lat' dir='ltr'><strong>de</strong></span> <span class='ocrx_word' id='word_1_248' title='bbox 184 2674 305 2717; x_wconf 55' lang='lat' dir='ltr'><strong>Mystu:</strong></span> <span class='ocrx_word' id='word_1_249' title='bbox 330 2673 484 2705; x_wconf 80' lang='lat' dir='ltr'><strong>Plutarch.</strong></span> <span class='ocrx_word' id='word_1_250' title='bbox 503 2673 541 2705; x_wconf 88' lang='lat' dir='ltr'><strong>de</strong></span> <span class='ocrx_word' id='word_1_251' title='bbox 560 2674 636 2705; x_wconf 76' lang='lat' dir='ltr'><strong>Gen.</strong></span> <span class='ocrx_word' id='word_1_252' title='bbox 660 2673 774 2705; x_wconf 79' lang='lat' dir='ltr'><strong>Socrat.</strong></span> <span class='ocrx_word' id='word_1_253' title='bbox 794 2674 847 2705; x_wconf 89' lang='lat'><strong>10.</strong></span> <span class='ocrx_word' id='word_1_254' title='bbox 869 2684 902 2716; x_wconf 83' lang='lat' dir='ltr'><strong>p.</strong></span> <span class='ocrx_word' id='word_1_255' title='bbox 915 2674 1003 2711; x_wconf 78' lang='lat'>68⁰3</span> <span class='ocrx_word' id='word_1_256' title='bbox 1034 2672 1071 2704; x_wconf 85' lang='lat' dir='ltr'><strong>de</strong></span> <span class='ocrx_word' id='word_1_257' title='bbox 1092 2672 1180 2705; x_wconf 86' lang='lat' dir='ltr'><strong>domo</strong></span> <span class='ocrx_word' id='word_1_258' title='bbox 1204 2674 1390 2717; x_wconf 73' lang='lat' dir='ltr'><strong>Polytionis,</strong></span> <span class='ocrx_word' id='word_1_259' title='bbox 1414 2676 1554 2708; x_wconf 82' lang='lat' dir='ltr'><strong>Meineke</strong></span> <span class='ocrx_word' id='word_1_260' title='bbox 1580 2639 1593 2723; x_wconf 66' lang='lat' dir='ltr'><em>I</em></span> <span class='ocrx_word' id='word_1_261' title='bbox 1646 2674 1675 2691; x_wconf 53' lang='grc' dir='ltr'><strong>’Σ</strong></span> 
     </span>
     <span class='ocr_line' id='line_1_37' title="bbox 127 2728 1518 2777; baseline 0.002 -15"><span class='ocrx_word' id='word_1_262' title='bbox 127 2731 167 2763; x_wconf 86' lang='grc' dir='ltr'><strong>ΙΙ.</strong></span> <span class='ocrx_word' id='word_1_263' title='bbox 198 2732 227 2764; x_wconf 88' lang='lat'><strong>1.</strong></span> <span class='ocrx_word' id='word_1_264' title='bbox 253 2731 332 2763; x_wconf 77' lang='lat'>278.</span> <span class='ocrx_word' id='word_1_265' title='bbox 356 2737 387 2762; x_wconf 83' lang='lat' dir='ltr'><strong>et</strong></span> <span class='ocrx_word' id='word_1_266' title='bbox 405 2741 496 2774; x_wconf 79' lang='lat' dir='ltr'><strong>quem</strong></span> <span class='ocrx_word' id='word_1_267' title='bbox 517 2729 622 2763; x_wconf 80' lang='lat' dir='ltr'><strong>laudat</strong></span> <span class='ocrx_word' id='word_1_268' title='bbox 645 2729 759 2763; x_wconf 80' lang='lat' dir='ltr'><strong>Bb&#39;ckh.</strong></span> <span class='ocrx_word' id='word_1_269' title='bbox 785 2729 903 2774; x_wconf 87' lang='lat' dir='ltr'><strong>Explic.</strong></span> <span class='ocrx_word' id='word_1_270' title='bbox 924 2728 1012 2763; x_wconf 87' lang='lat' dir='ltr'><strong>Pind.</strong></span> <span class='ocrx_word' id='word_1_271' title='bbox 1034 2741 1069 2774; x_wconf 85' lang='lat' dir='ltr'><strong>p.</strong></span> <span class='ocrx_word' id='word_1_272' title='bbox 1091 2731 1170 2764; x_wconf 82' lang='lat'><strong>415.</strong></span> <span class='ocrx_word' id='word_1_273' title='bbox 1196 2731 1300 2775; x_wconf 79' lang='lat' dir='ltr'><strong>Droys.</strong></span> <span class='ocrx_word' id='word_1_274' title='bbox 1324 2731 1360 2764; x_wconf 82' lang='lat' dir='ltr'><strong>ll.</strong></span> <span class='ocrx_word' id='word_1_275' title='bbox 1381 2744 1413 2777; x_wconf 87' lang='lat' dir='ltr'><strong>p.</strong></span> <span class='ocrx_word' id='word_1_276' title='bbox 1442 2733 1518 2766; x_wconf 78' lang='lat'>190.</span> 
     </span>
    </p>
   </div>
  </div>
 </body>
</html>
