1774 3036
164 2009 171 2017 ι

164 2151 171 2199 3

876 174 932 215 22

192 324 342 355 verum
369 326 458 355 esse
486 317 633 368 potest.
696 311 802 355 Nam
818 313 884 358 'eo
912 311 1002 368 ipso
1031 309 1119 363 die,
1158 307 1230 368 qui
1260 316 1350 354 erat
1379 317 1472 367 post
1500 313 1612 357 Her-

191 399 282 429 mas
312 383 490 428 deiectos
519 383 705 441 primus,
737 384 878 440 itaque
907 382 976 428 die
1004 398 1032 426 x
1062 397 1118 426 m.
1150 383 1246 427 Maii
1264 382 1322 442 ⁵³)
1337 416 1349 436 ,
1381 383 1465 427 iam
1491 385 1615 430 ἄδεια,

192 459 291 504 data
320 464 412 501 erat
440 456 709 502 delatoribus.
770 459 860 501 Hoc
882 457 995 502 enim
1024 457 1113 515 ipso
1142 456 1209 500 die
1233 464 1403 502 centum
1430 460 1568 510 minae
1592 477 1617 503 e

193 532 385 578 Pisandri
428 532 705 590 psephismate
750 533 977 591 promissae
1015 537 1114 576 sunt
1152 532 1290 590 primo
1328 531 1506 578 delatori
1539 534 1615 593 5³).

194 607 349 653 Concio
387 614 527 651 autem
541 640 552 660 ,
593 606 647 651 de
680 622 765 665 qua
794 606 983 665 loquitur
1010 605 1265 660 Andocides,
1308 613 1357 650 ut
1384 603 1481 654 satis
1511 623 1618 654 con-

195 690 299 735 stat,
331 681 478 725 haberi
507 681 651 727 debuit
678 697 824 727 versus
852 681 979 727 finem
1010 696 1066 727 m.
1098 681 1206 725 Maii.

259 758 381 812 Quae
409 756 496 801 dixi
521 756 573 801 de
601 757 742 812 ἀδείᾳ,
776 754 1081 800 confirmantur
1109 755 1179 808 iis,
1218 771 1328 814 quae
1355 756 1478 803 docet
1506 756 1616 802 Plut.

195 832 287 877 Alc.
316 834 396 876 21:
429 832 736 885 ὁμολογήσαντι
768 833 852 886 γὰρ
882 830 1026 877 ἄδειαν
1055 828 1158 875 εἶναι
1191 832 1305 876 κατὰ
1333 833 1380 876 τὸ
1409 834 1620 888 ψήφισμα

149 936 152 940 »
195 911 267 950 τοῦ
299 908 428 959 δήμου
459 908 547 951 ms.

257 982 307 1026 In
343 982 526 1027 ssessali
554 982 830 1039 εἰσαγγελίᾳ,
862 996 970 1039 quae
1001 981 1219 1032 αὐτολεξεί
1244 980 1442 1027 laudatur
1471 996 1497 1025 a
1521 981 1621 1027 Plu-

196 1056 344 1102 tarcho
373 1056 465 1101 Alc.
495 1058 551 1101 19
577 1064 620 1100 et
650 1059 720 1102 22.
746 1064 887 1114 partes
917 1056 1039 1100 aliter
1068 1063 1167 1099 sunt
1195 1055 1362 1101 divisae.
1424 1056 1487 1099 Ibi
1516 1056 1621 1115 legi-

196 1138 269 1174 tur
298 1131 498 1189 mysteria
528 1131 638 1177 facta
669 1130 794 1176 fuisse
830 1131 873 1177 in
902 1130 1127 1176 Alcibiadis
1154 1132 1295 1184 domo,
1336 1130 1474 1189 ipsum
1509 1130 1622 1177 Alci-

196 1205 361 1250 biadem
387 1205 514 1251 fuisse
533 1204 807 1261 ἱεροφάντην,
829 1205 1092 1264 Polytionem
1113 1206 1333 1261 δᾳδοῦχον,
1358 1205 1623 1252 Theodorum

198 1281 381 1334 κήρυκας
434 1279 669 1327 Andocides
714 1286 862 1328 contra
903 1279 1033 1346 Hflffit
1075 1279 1419 1329 Andromachum
1463 1280 1624 1329 denun-

199 1356 350 1408 ciasse‚
381 1355 641 1400 Alcibiadem
655 1388 666 1408 ,
709 1355 922 1399 Niciadem
963 1361 1005 1399 et
1034 1355 1231 1401 Meletum
1266 1356 1441 1402 violasse
1472 1363 1627 1414 myste-

197 1429 262 1473 ria
286 1430 328 1472 in
358 1432 478 1474 domo
505 1430 747 1488 Polytionis.
811 1428 893 1474 Sed
921 1428 1195 1475 memorabile
1222 1429 1446 1475 discrimen
1475 1429 1627 1488 proba-

197 1504 338 1547 biliter
368 1505 602 1563 composuit
629 1505 820 1562 Droysen
846 1503 905 1562 ⁵⁵)
918 1536 929 1556 ,
962 1510 1147 1549 statuens
1172 1503 1431 1552 Alcibiadem
1461 1504 1524 1551 bis
1544 1505 1628 1549 εἶσ-

199 1579 493 1630 οιγγελθῆνοιι,
540 1585 638 1624 tum
685 1584 789 1624 ante,
827 1577 1060 1636 profectam
1098 1577 1295 1631 classem,
1342 1584 1434 1625 tum
1472 1585 1627 1638 postea.

199 1652 343 1706 Quod,
378 1659 426 1697 ut
451 1652 674 1698 verisimile
699 1651 892 1698 videatur
919 1668 1027 1705 esse,
1059 1659 1200 1697 tamen
1230 1667 1316 1700 non
1333 1652 1628 1706 admitterem,

197 1726 276 1787 pisi
316 1726 664 1791 ISOQILeAE-..Eig-
703 1728 723 1782 ἕ
753 1728 792 1770 7.
823 1726 884 1785 ⁶⁶)
928 1741 1027 1772 cum
1059 1726 1274 1788 Adee
1310 1727 1552 1776 conveniret
1588 1735 1631 1771 et

196 1787 399 1844 {rffd‘e-ref
412 1786 673 1847 Alcibiadem
705 1807 949 1847 accusatum
979 1800 1124 1853 fuisse,
1157 1799 1272 1858 quod
1298 1801 1497 1858 mysteria
1522 1801 1629 1846 cele·

197 1875 359 1919 brasset
393 1877 507 1933 apud
533 1875 805 1933 Polytionem.
1102 1888 1106 1891 ·

256 1950 493 1994 Andocides
522 1951 543 2006 ᾗ
577 1950 646 1995 13.
678 1949 783 1995 haec
814 1948 941 1993 tradit
970 1948 1023 1993 de
1047 1948 1194 1995 delatis
1228 1949 1282 1996 ab
1310 1949 1627 2010 Andromacho:

199 2024 467 2077 Πολύςροιτος
498 2025 574 2077 μὲν
607 2025 843 2079 συνελήφθη
880 2024 950 2067 καὶ
979 2024 1212 2073 ἀπέθανεν,
1245 2026 1279 2068 οἱ
1310 2025 1345 2068 δ’
1367 2024 1491 2069 ἄλλοι
1524 2027 1631 2081 Φεύ-

198 2113 345 2149 yona-sc,-
371 2097 552 2152 ᾤχοντο,
590 2097 660 2141 καὶ
687 2099 821 2141 αὐτῶν
852 2098 971 2149 ὑμεῖς
1004 2097 1178 2142 θάνατον
1203 2099 1458 2151 κατέγνωτε.
1506 2100 1631 2144 Facta

198 2172 304 2216 haec
344 2173 486 2217 omnia
531 2179 630 2218 sunt
665 2180 760 2217 ante
803 2171 1034 2230 profectam
1071 2172 1243 2217 classem
1257 2206 1268 2226 ,
1306 2180 1356 2218 ut
1393 2174 1631 2220 luculenter

199 2251 395 2309 probavit
418 2250 620 2306 Droysen.
670 2246 785 2302 Quid
810 2248 937 2292 vero?
983 2248 1096 2291 Num
1124 2248 1256 2306 igitur
1285 2247 1369 2293 iam
1394 2255 1485 2293 tum
1516 2249 1629 2295 Alci-

200 2324 342 2370 biades
368 2322 669 2368 condemnatus
694 2323 786 2366 est?
826 2322 914 2365 Aut
937 2336 1015 2365 cur
1045 2322 1233 2366 omnium
1258 2322 1519 2370 celeberrimi
1542 2338 1629 2367 non

204 2401 302 2444 facit
340 2398 618 2449 mentionem,
667 2412 764 2442 cum
800 2396 873 2441 ille
913 2397 1157 2453 praesertim
1197 2404 1410 2455 peteretur
1445 2396 1525 2442 hac
1558 2412 1627 2441 ac-

240 2610 281 2652 55)
306 2610 414 2642 Dodw.
438 2611 515 2641 Anu.
542 2608 638 2639 Thuc.
665 2618 695 2650 p.
726 2608 801 2638 185.

243 2665 284 2710 Μ)
310 2667 352 2698 De
376 2667 477 2710 Mystt.
502 2665 519 2708 §
540 2666 583 2697 27
608 2671 638 2695 et
663 2665 718 2695 40.

242 2722 283 2765 55)
308 2723 356 2755 Ll.
382 2723 481 2754 1835.
507 2732 559 2764 pg.
584 2721 662 2751 203.
686 2726 717 2749 et
745 2719 844 2749 1836.
870 2729 900 2760 p.
927 2720 982 2750 as.

238 2777 283 2823 ,56)
308 2779 354 2812 Cf.
378 2779 470 2811 etiam
494 2777 576 2810 Plut.
599 2776 704 2820 Symp.
727 2776 751 2807 1,
783 2776 815 2808 4.
838 2772 888 2818 γ’.
