1774 3036
632 549 1101 604 PRAEFATIO.

220 979 484 1023 Academiam
520 978 755 1024 Leidensem
788 981 999 1032 relicturo,
1037 993 1159 1037 quum
1190 978 1413 1021 studiorum
1450 976 1574 1034 speci·

160 1070 252 1098 men
293 1055 393 1096 mihi
437 1056 631 1098 edendum
672 1064 791 1107 esset,
845 1056 916 1098 diu
964 1054 1140 1112 quaesivi
1178 1060 1319 1109 aptam
1363 1053 1578 1095 materiam

161 1130 471 1180 elaborandam
518 1130 681 1173 tandem
724 1130 840 1187 quasi
882 1136 1022 1187 sponte
1065 1143 1139 1171 sua
1182 1118 1463 1184 aryumentum
1493 1139 1577 1169 sese

159 1202 259 1246 milii
304 1204 458 1255 obtulit,
506 1205 557 1246 de
600 1219 678 1260 quo
716 1205 760 1247 in
792 1204 1041 1260 sequentibus
1085 1203 1297 1259 disputavi.
1358 1202 1439 1245 Nil
1475 1201 1576 1242 mihi

158 1286 301 1330 restat,
343 1293 482 1335 quam,
524 1286 569 1321 ut
599 1279 706 1321 dulci
735 1279 867 1321 dicam
897 1278 1105 1340 an-inviso
1134 1276 1381 1319 valedicendi
1409 1289 1575 1317 munere

150 1351 410 1409 perfunyar3
441 1360 653 1409 utrumque
672 1354 778 1395 enim
801 1354 909 1394 mira
933 1353 1110 1410 quadam
1134 1351 1293 1393 ratione
1321 1349 1573 1406 coniunqitur

158 1427 201 1467 in
228 1427 357 1481 gyratis
378 1427 543 1482 pariter
572 1434 692 1484 atque
721 1427 763 1468 in
793 1427 977 1483 inqratis.

216 1498 386 1540 Primus
409 1499 533 1553 iyitur
561 1501 623 1541 Tu
644 1500 743 1541 mihi
761 1501 1059 1555 compellandus
1080 1513 1142 1549 es,
1180 1498 1411 1541 Clarissime
1440 1513 1571 1549 num,

157 1571 377 1615 Promotor
416 1572 765 1624 aestumatissime,
812 1586 951 1630 quem,
999 1587 1121 1629 quum
1161 1579 1254 1615 ante
1295 1572 1366 1614 lzos
1403 1573 1576 1629 quinque

157 1660 284 1688 annos
304 1647 489 1703 primum
516 1647 697 1703 coqnovi,
731 1648 867 1690 statim
897 1648 957 1689 ita
986 1647 1210 1689 admiratus
1239 1662 1350 1698 sum,
1382 1655 1426 1689 ut
1455 1647 1486 1688 ii
1511 1661 1573 1688 so-

158 1711 258 1772 lent,
305 1722 373 1777 qui
416 1722 506 1763 Tua
544 1721 690 1763 merita
724 1723 775 1764 de
815 1722 1042 1765 litterarum
1076 1721 1282 1777 republica
1309 1722 1373 1763 vel
1411 1721 1576 1763 obscuro

158 1794 285 1837 animi
313 1809 429 1837 sensu
450 1795 743 1851 persentiscunt
765 1796 904 1852 potius
927 1811 1050 1852 quam
1074 1794 1314 1850 intelliqunt.
1381 1792 1474 1846 Qua
1503 1795 1574 1838 be-

158 1868 382 1911 nevolentia
414 1883 478 1912 me
498 1876 734 1925 prosecutus
764 1884 827 1921 es,
867 1870 983 1912 huius
1013 1876 1051 1912 et
1081 1869 1180 1912 haec
1209 1869 1437 1911 dissertatio
1467 1869 1580 1912 hamt

157 1957 237 1983 uno
265 1942 309 1983 in
338 1943 422 1985 loco
452 1943 609 1985 exhibet
638 1944 875 1985 documenta
908 1942 1140 1998 manifesta.
1204 1941 1363 1984 Lubens
1399 1942 1474 1984 hac
1504 1958 1575 1999 op-

151 2015 403 2072 portunitate
430 2024 523 2058 utor
546 2024 585 2058 et
613 2016 851 2059 declarandi
884 2016 973 2058 Tibi
1001 2024 1166 2072 yratum
1191 2016 1370 2059 animum
1398 2023 1438 2059 et
1462 2016 1578 2059 eni-ve

160 2089 410 2139 obsecrandi,
457 2104 507 2131 ne
551 2090 594 2132 in
624 2098 835 2147 posterum
867 2091 1089 2133 studiorum
1127 2092 1216 2133 viae
1251 2098 1371 2147 atque
1409 2091 1578 2135 rationis

157 2165 241 2206 dum
271 2177 353 2206 esse
382 2164 553 2208 desinas.
788 2181 807 2185 ”

217 2238 304 2280 Sed
325 2246 416 2280 sunt
440 2247 479 2281 et
505 2240 599 2291 alii,
626 2240 695 2296 qui
718 2254 765 2283 eo
789 2255 890 2297 erqa
914 2255 978 2283 me
1008 2241 1142 2283 animo
1160 2239 1358 2297 fuerunt,
1390 2248 1435 2282 ut
1450 2240 1579 2297 probe

159 2320 334 2363 teneam,
366 2327 430 2355 me
452 2312 621 2369 frustra
646 2314 793 2366 anniti,
826 2322 871 2357 ut
896 2314 1113 2371 aliquando
1139 2315 1234 2358 talis
1259 2315 1445 2366 evadam,
1478 2329 1578 2371 qua-

161 2387 241 2429 lem
270 2386 364 2427 talis
392 2401 491 2427 cura
515 2386 736 2443 efflaqitat.

221 2458 353 2511 Quam
394 2460 560 2516 beniyne
599 2475 755 2517 semper
789 2475 853 2504 me
895 2462 1118 2518 exceperis,
1161 2460 1390 2504 Clarissime
1420 2474 1554 2503 coum·
1567 2494 1577 2512 ,

160 2546 210 2575 ex
242 2535 409 2591 quodie
443 2536 505 2577 Tu
539 2536 595 2578 Te
624 2550 737 2579 meae
767 2537 1055 2579 adolescentiae
1089 2538 1294 2578 ductorem
1319 2543 1357 2577 et
1379 2550 1578 2591 praecep-

161 2615 287 2649 torem
318 2607 532 2666 professus
570 2624 632 2662 es,
681 2625 898 2667 numquam
940 2626 990 2654 ea·
1020 2611 1153 2653 animo
1186 2610 1390 2653 elabetur.-
1433 2618 1581 2667 quanto

162 2682 266 2724 enim
294 2683 522 2725 litterarum
551 2699 710 2735 amore,
753 2700 830 2741 quo
860 2694 898 2727 et
929 2685 1024 2741 Ipse
1050 2687 1207 2736 ardes‚‘
1235 2686 1371 2727 statim
1400 2700 1464 2728 me
1499 2687 1578 2727 im—

161 2756 312 2808 bueris,
355 2764 437 2799 tum
468 2760 686 2816 praecipue
719 2762 931 2812 recordor,
985 2777 1073 2804 cum
1108 2762 1258 2816 comto,
1302 2776 1423 2817 quam
1462 2775 1580 2816 saepe
