<?xml version="1.0" encoding="UTF-8"?>
<!DOCTYPE html PUBLIC "-//W3C//DTD XHTML 1.0 Transitional//EN"
    "http://www.w3.org/TR/xhtml1/DTD/xhtml1-transitional.dtd">
<html xmlns="http://www.w3.org/1999/xhtml" xml:lang="en" lang="en">
 <head>
  <title>
</title>
<meta http-equiv="Content-Type" content="text/html;charset=utf-8" />
  <meta name='ocr-system' content='tesseract 3.04.00' />
  <meta name='ocr-capabilities' content='ocr_page ocr_carea ocr_par ocr_line ocrx_word'/>
</head>
<body>
  <div class='ocr_page' id='page_1' title='image "4737205_0046.png"; bbox 0 0 1774 3036; ppageno 0'>
   <div class='ocr_carea' id='block_1_1' title="bbox 904 142 961 188">
    <p class='ocr_par' dir='ltr' id='par_1_1' title="bbox 904 142 961 188">
     <span class='ocr_line' id='line_1_1' title="bbox 904 142 961 188; baseline 0.053 -3"><span class='ocrx_word' id='word_1_1' title='bbox 904 142 961 188; x_wconf 85' lang='lat'><strong>30</strong></span> 
     </span>
    </p>
   </div>
   <div class='ocr_carea' id='block_1_2' title="bbox 35 280 1653 2582">
    <p class='ocr_par' dir='ltr' id='par_1_2' title="bbox 217 280 1639 491">
     <span class='ocr_line' id='line_1_2' title="bbox 276 280 1637 341; baseline 0.004 -17"><span class='ocrx_word' id='word_1_2' title='bbox 276 282 371 326; x_wconf 82' lang='lat' dir='ltr'><strong>Mox</strong></span> <span class='ocrx_word' id='word_1_3' title='bbox 392 282 582 341; x_wconf 88' lang='lat' dir='ltr'><strong>sequitur</strong></span> <span class='ocrx_word' id='word_1_4' title='bbox 611 282 653 325; x_wconf 87' lang='lat' dir='ltr'><strong>in</strong></span> <span class='ocrx_word' id='word_1_5' title='bbox 685 283 705 337; x_wconf 81' lang='lat'>§</span> <span class='ocrx_word' id='word_1_6' title='bbox 732 281 810 326; x_wconf 85' lang='lat'><strong>30:</strong></span> <span class='ocrx_word' id='word_1_7' title='bbox 843 280 865 331; x_wconf 79' lang='grc' dir='ltr'><em>ἢ</em></span> <span class='ocrx_word' id='word_1_8' title='bbox 901 281 1025 324; x_wconf 77' lang='grc' dir='ltr'><em>δεινὸν</em></span> <span class='ocrx_word' id='word_1_9' title='bbox 1057 284 1101 334; x_wconf 72' lang='grc' dir='ltr'><strong>γ’</strong></span> <span class='ocrx_word' id='word_1_10' title='bbox 1128 281 1179 326; x_wconf 80' lang='grc' dir='ltr'><strong>ἂν</strong></span> <span class='ocrx_word' id='word_1_11' title='bbox 1205 282 1291 333; x_wconf 76' lang='grc' dir='ltr'><strong>εἴη,</strong></span> <span class='ocrx_word' id='word_1_12' title='bbox 1335 284 1370 326; x_wconf 76' lang='grc' dir='ltr'><strong>εἰ</strong></span> <span class='ocrx_word' id='word_1_13' title='bbox 1408 285 1496 337; x_wconf 78' lang='grc' dir='ltr'><strong>ἐμοὶ</strong></span> <span class='ocrx_word' id='word_1_14' title='bbox 1529 286 1637 341; x_wconf 70' lang='grc' dir='ltr'><strong><em>ὀργί-</em></strong></span> 
     </span>
     <span class='ocr_line' id='line_1_3' title="bbox 217 354 1637 416; baseline 0.005 -17"><span class='ocrx_word' id='word_1_15' title='bbox 217 356 362 411; x_wconf 83' lang='grc' dir='ltr'><strong>ζοισθε.</strong></span> <span class='ocrx_word' id='word_1_16' title='bbox 420 359 550 416; x_wconf 85' lang='lat' dir='ltr'>Lege:</span> <span class='ocrx_word' id='word_1_17' title='bbox 593 354 618 407; x_wconf 78' lang='grc' dir='ltr'><strong><em>ἦ</em></strong></span> <span class='ocrx_word' id='word_1_18' title='bbox 657 357 783 401; x_wconf 79' lang='grc' dir='ltr'><strong><em>δεινὸν</em></strong></span> <span class='ocrx_word' id='word_1_19' title='bbox 812 355 866 409; x_wconf 71' lang='grc' dir='ltr'><strong>’γ’</strong></span> <span class='ocrx_word' id='word_1_20' title='bbox 901 355 953 399; x_wconf 78' lang='grc' dir='ltr'><strong>ἂν</strong></span> <span class='ocrx_word' id='word_1_21' title='bbox 991 356 1053 407; x_wconf 79' lang='grc' dir='ltr'><strong>εἴη</strong></span> <span class='ocrx_word' id='word_1_22' title='bbox 1095 357 1185 401; x_wconf 78' lang='grc' dir='ltr'><strong>κτὲ.</strong></span> <span class='ocrx_word' id='word_1_23' title='bbox 1232 359 1341 402; x_wconf 85' lang='lat' dir='ltr'><strong>Tum</strong></span> <span class='ocrx_word' id='word_1_24' title='bbox 1369 373 1484 402; x_wconf 66' lang='lat' dir='ltr'><strong>mxu</strong></span> <span class='ocrx_word' id='word_1_25' title='bbox 1511 375 1552 406; x_wconf 78' lang='lat' dir='ltr'><strong>V.</strong></span> <span class='ocrx_word' id='word_1_26' title='bbox 1584 361 1637 406; x_wconf 86' lang='lat' dir='ltr'><strong>cl.</strong></span> 
     </span>
     <span class='ocr_line' id='line_1_4' title="bbox 217 431 1639 491; baseline 0.004 -16"><span class='ocrx_word' id='word_1_27' title='bbox 217 432 412 491; x_wconf 81' lang='lat' dir='ltr'>corrigit:</span> <span class='ocrx_word' id='word_1_28' title='bbox 454 439 529 483; x_wconf 81' lang='grc' dir='ltr'><strong>τῆς</strong></span> <span class='ocrx_word' id='word_1_29' title='bbox 562 432 762 483; x_wconf 72' lang='grc' dir='ltr'><em>ἀληθείαις</em></span> <span class='ocrx_word' id='word_1_30' title='bbox 808 431 1043 485; x_wconf 72' lang='grc' dir='ltr'><em>ἡγήσαισθε.</em></span> <span class='ocrx_word' id='word_1_31' title='bbox 1101 432 1155 476; x_wconf 88' lang='lat' dir='ltr'><strong>Se</strong></span> <span class='ocrx_word' id='word_1_32' title='bbox 1185 432 1302 476; x_wconf 84' lang='lat' dir='ltr'><strong>uitur</strong></span> <span class='ocrx_word' id='word_1_33' title='bbox 1330 434 1486 478; x_wconf 82' lang='lat' dir='ltr'><strong>statim:</strong></span> <span class='ocrx_word' id='word_1_34' title='bbox 1520 435 1639 485; x_wconf 77' lang='grc' dir='ltr'><em>δῆλον</em></span> 
     </span>
    </p>

    <p class='ocr_par' dir='ltr' id='par_1_3' title="bbox 36 504 1641 573">
     <span class='ocr_line' id='line_1_5' title="bbox 36 504 1641 573; baseline 0.002 -24"><span class='ocrx_word' id='word_1_35' title='bbox 36 539 87 573; x_wconf 53' lang='lat' dir='ltr'><em>M</em></span> <span class='ocrx_word' id='word_1_36' title='bbox 216 505 278 550; x_wconf 75' lang='grc' dir='ltr'><strong>ἔτι</strong></span> <span class='ocrx_word' id='word_1_37' title='bbox 307 507 391 559; x_wconf 73' lang='grc' dir='ltr'><strong>γὰρ</strong></span> <span class='ocrx_word' id='word_1_38' title='bbox 419 512 508 555; x_wconf 72' lang='grc' dir='ltr'><strong>τοῖς</strong></span> <span class='ocrx_word' id='word_1_39' title='bbox 530 506 606 559; x_wconf 80' lang='grc' dir='ltr'><strong>μὲν</strong></span> <span class='ocrx_word' id='word_1_40' title='bbox 637 504 925 559; x_wconf 57' lang='grc' dir='ltr'><strong>ἥμερα-μάσω</strong></span> <span class='ocrx_word' id='word_1_41' title='bbox 946 505 1070 564; x_wconf 84' lang='lat' dir='ltr'><strong>lege:</strong></span> <span class='ocrx_word' id='word_1_42' title='bbox 1102 506 1222 555; x_wconf 79' lang='grc' dir='ltr'><em>δῆλον</em></span> <span class='ocrx_word' id='word_1_43' title='bbox 1248 506 1331 561; x_wconf 71' lang='grc' dir='ltr'><strong>γὰρ</strong></span> <span class='ocrx_word' id='word_1_44' title='bbox 1355 507 1433 551; x_wconf 76' lang='grc' dir='ltr'><strong>ὅτι.</strong></span> <span class='ocrx_word' id='word_1_45' title='bbox 1481 510 1533 552; x_wconf 91' lang='lat' dir='ltr'><strong>In</strong></span> <span class='ocrx_word' id='word_1_46' title='bbox 1557 508 1641 553; x_wconf 89' lang='lat' dir='ltr'><strong>fine</strong></span> 
     </span>
    </p>

    <p class='ocr_par' dir='ltr' id='par_1_4' title="bbox 35 578 1646 788">
     <span class='ocr_line' id='line_1_6' title="bbox 35 578 1646 636; baseline 0 -13"><span class='ocrx_word' id='word_1_47' title='bbox 35 578 63 601; x_wconf 74' lang='lat'>⁵</span> <span class='ocrx_word' id='word_1_48' title='bbox 217 584 256 636; x_wconf 80' lang='lat' dir='ltr'><strong>§z</strong></span> <span class='ocrx_word' id='word_1_49' title='bbox 290 581 380 633; x_wconf 77' lang='grc' dir='ltr'>ἐμοὶ</span> <span class='ocrx_word' id='word_1_50' title='bbox 400 581 444 631; x_wconf 73' lang='grc' dir='ltr'><strong>δ’</strong></span> <span class='ocrx_word' id='word_1_51' title='bbox 475 581 493 623; x_wconf 87' lang='lat' dir='ltr'><strong>o‘</strong></span> <span class='ocrx_word' id='word_1_52' title='bbox 527 580 709 634; x_wconf 71' lang='grc' dir='ltr'><em>ἔλεγχος</em></span> <span class='ocrx_word' id='word_1_53' title='bbox 741 580 897 631; x_wconf 69' lang='grc' dir='ltr'><strong>ἥδιςος,</strong></span> <span class='ocrx_word' id='word_1_54' title='bbox 932 582 972 628; x_wconf 79' lang='grc' dir='ltr'><strong>ἐν</strong></span> <span class='ocrx_word' id='word_1_55' title='bbox 1004 578 1349 632; x_wconf 65' lang='grc' dir='ltr'><strong>οἷςὺμῶνούδέν.</strong></span> <span class='ocrx_word' id='word_1_56' title='bbox 1375 598 1431 634; x_wconf 77' lang='grc' dir='ltr'><strong>με</strong></span> <span class='ocrx_word' id='word_1_57' title='bbox 1461 582 1525 629; x_wconf 78' lang='grc' dir='ltr'><strong>δεῖ</strong></span> <span class='ocrx_word' id='word_1_58' title='bbox 1555 584 1646 631; x_wconf 58' lang='lat'><em>350¹-.</em></span> 
     </span>
     <span class='ocr_line' id='line_1_7' title="bbox 216 654 1643 713; baseline 0.001 -14"><span class='ocrx_word' id='word_1_59' title='bbox 216 671 336 708; x_wconf 79' lang='grc' dir='ltr'><em>μενον</em></span> <span class='ocrx_word' id='word_1_60' title='bbox 368 655 457 699; x_wconf 78' lang='grc' dir='ltr'><em>οὐδὲ</em></span> <span class='ocrx_word' id='word_1_61' title='bbox 495 654 1050 710; x_wconf 54' lang='grc' dir='ltr'><strong>παραιτούμενον,,σωθῆνκι.</strong></span> <span class='ocrx_word' id='word_1_62' title='bbox 1075 655 1142 700; x_wconf 75' lang='grc' dir='ltr'><strong>ἐπὶ</strong></span> <span class='ocrx_word' id='word_1_63' title='bbox 1169 657 1377 713; x_wconf 53' lang='grc' dir='ltr'><strong>,τοιαύτῃ</strong></span> <span class='ocrx_word' id='word_1_64' title='bbox 1399 656 1643 712; x_wconf 40' lang='lat' dir='ltr'><strong>&amp;virenon</strong></span> 
     </span>
     <span class='ocr_line' id='line_1_8' title="bbox 216 729 1060 788; baseline -0.001 -14"><span class='ocrx_word' id='word_1_65' title='bbox 216 729 407 788; x_wconf 73' lang='lat' dir='ltr'><strong>expedio·</strong></span> <span class='ocrx_word' id='word_1_66' title='bbox 1056 771 1060 773; x_wconf 78' lang='grc'><strong>.</strong></span> 
     </span>
    </p>

    <p class='ocr_par' dir='ltr' id='par_1_5' title="bbox 216 799 1644 1009">
     <span class='ocr_line' id='line_1_9' title="bbox 276 799 1644 864; baseline 0.002 -17"><span class='ocrx_word' id='word_1_67' title='bbox 276 806 298 861; x_wconf 82' lang='lat'>§</span> <span class='ocrx_word' id='word_1_68' title='bbox 329 805 402 854; x_wconf 83' lang='lat'><strong>31.</strong></span> <span class='ocrx_word' id='word_1_69' title='bbox 449 805 559 863; x_wconf 83' lang='lat' dir='ltr'>Lege</span> <span class='ocrx_word' id='word_1_70' title='bbox 590 803 779 848; x_wconf 86' lang='lat' dir='ltr'><strong>omnino:</strong></span> <span class='ocrx_word' id='word_1_71' title='bbox 813 799 838 853; x_wconf 78' lang='grc' dir='ltr'><strong><em>ἦ</em></strong></span> <span class='ocrx_word' id='word_1_72' title='bbox 862 804 944 857; x_wconf 69' lang='grc' dir='ltr'><strong>μὴν</strong></span> <span class='ocrx_word' id='word_1_73' title='bbox 966 806 1217 860; x_wconf 67' lang='grc' dir='ltr'><em>ψηφιεῖσθαι</em></span> <span class='ocrx_word' id='word_1_74' title='bbox 1240 805 1297 849; x_wconf 65' lang='grc' dir='ltr'><strong>τὰ</strong></span> <span class='ocrx_word' id='word_1_75' title='bbox 1324 807 1483 864; x_wconf 65' lang='grc' dir='ltr'><strong>δίκαιαι,</strong></span> <span class='ocrx_word' id='word_1_76' title='bbox 1514 808 1644 852; x_wconf 89' lang='lat' dir='ltr'><strong>eiecto</strong></span> 
     </span>
     <span class='ocr_line' id='line_1_10' title="bbox 216 877 1641 936; baseline 0.003 -14"><span class='ocrx_word' id='word_1_77' title='bbox 216 878 307 933; x_wconf 73' lang='grc' dir='ltr'><strong>περὶ</strong></span> <span class='ocrx_word' id='word_1_78' title='bbox 340 880 466 932; x_wconf 81' lang='grc' dir='ltr'><strong><em>ἐμοῦ,</em></strong></span> <span class='ocrx_word' id='word_1_79' title='bbox 508 877 623 936; x_wconf 89' lang='lat' dir='ltr'><strong>quod</strong></span> <span class='ocrx_word' id='word_1_80' title='bbox 661 893 686 922; x_wconf 91' lang='lat' dir='ltr'><strong>e</strong></span> <span class='ocrx_word' id='word_1_81' title='bbox 720 892 884 936; x_wconf 82' lang='lat' dir='ltr'><strong>praece.</strong></span> <span class='ocrx_word' id='word_1_82' title='bbox 916 879 1028 923; x_wconf 86' lang='lat' dir='ltr'><strong>male</strong></span> <span class='ocrx_word' id='word_1_83' title='bbox 1057 880 1254 934; x_wconf 72' lang='lat' dir='ltr'><strong>iteratur..</strong></span> <span class='ocrx_word' id='word_1_84' title='bbox 1299 880 1361 925; x_wconf 84' lang='lat' dir='ltr'><strong>Cf.</strong></span> <span class='ocrx_word' id='word_1_85' title='bbox 1392 882 1501 926; x_wconf 85' lang='lat' dir='ltr'><strong>Xen.</strong></span> <span class='ocrx_word' id='word_1_86' title='bbox 1532 882 1641 926; x_wconf 90' lang='lat' dir='ltr'><strong>Hell.</strong></span> 
     </span>
     <span class='ocr_line' id='line_1_11' title="bbox 217 943 1529 1009; baseline 0.002 -14"><span class='ocrx_word' id='word_1_87' title='bbox 217 954 272 997; x_wconf 91' lang='lat'><strong>11.</strong></span> <span class='ocrx_word' id='word_1_88' title='bbox 305 954 347 998; x_wconf 90' lang='lat'><strong>4.</strong></span> <span class='ocrx_word' id='word_1_89' title='bbox 380 955 402 1009; x_wconf 57' lang='grc' dir='ltr'>ς</span> <span class='ocrx_word' id='word_1_90' title='bbox 433 955 505 998; x_wconf 86' lang='lat'><strong>43.</strong></span> <span class='ocrx_word' id='word_1_91' title='bbox 940 956 943 958; x_wconf 88' lang='lat'>·</span> <span class='ocrx_word' id='word_1_92' title='bbox 1527 943 1529 946; x_wconf 78' lang='grc'>’</span> 
     </span>
    </p>

    <p class='ocr_par' dir='ltr' id='par_1_6' title="bbox 280 1027 1643 1088">
     <span class='ocr_line' id='line_1_12' title="bbox 280 1027 1643 1088; baseline 0.001 -15"><span class='ocrx_word' id='word_1_93' title='bbox 280 1030 301 1083; x_wconf 84' lang='lat'>§</span> <span class='ocrx_word' id='word_1_94' title='bbox 332 1029 404 1074; x_wconf 82' lang='lat'><strong>32.</strong></span> <span class='ocrx_word' id='word_1_95' title='bbox 462 1029 525 1072; x_wconf 91' lang='lat' dir='ltr'><strong>De</strong></span> <span class='ocrx_word' id='word_1_96' title='bbox 553 1028 828 1082; x_wconf 73' lang='grc' dir='ltr'><strong><em>ἐπεσκήψατο</em></strong></span> <span class='ocrx_word' id='word_1_97' title='bbox 869 1027 924 1073; x_wconf 86' lang='lat' dir='ltr'><strong>cf.</strong></span> <span class='ocrx_word' id='word_1_98' title='bbox 964 1029 1093 1086; x_wconf 82' lang='lat' dir='ltr'><strong>Harp.</strong></span> <span class='ocrx_word' id='word_1_99' title='bbox 1126 1035 1170 1072; x_wconf 92' lang='lat' dir='ltr'><strong>et</strong></span> <span class='ocrx_word' id='word_1_100' title='bbox 1196 1031 1333 1088; x_wconf 76' lang='lat' dir='ltr'><strong>Etym.</strong></span> <span class='ocrx_word' id='word_1_101' title='bbox 1360 1030 1415 1074; x_wconf 82' lang='lat' dir='ltr'><strong>M.</strong></span> <span class='ocrx_word' id='word_1_102' title='bbox 1451 1030 1497 1074; x_wconf 88' lang='lat' dir='ltr'><strong>in</strong></span> <span class='ocrx_word' id='word_1_103' title='bbox 1526 1045 1643 1075; x_wconf 87' lang='lat' dir='ltr'><strong>voce.</strong></span> 
     </span>
    </p>

    <p class='ocr_par' dir='ltr' id='par_1_7' title="bbox 277 1101 1442 1163">
     <span class='ocr_line' id='line_1_13' title="bbox 277 1101 1442 1163; baseline 0.001 -16"><span class='ocrx_word' id='word_1_104' title='bbox 277 1105 299 1159; x_wconf 84' lang='lat'>§</span> <span class='ocrx_word' id='word_1_105' title='bbox 321 1103 398 1147; x_wconf 70' lang='lat'><strong>36.</strong></span> <span class='ocrx_word' id='word_1_106' title='bbox 430 1101 654 1160; x_wconf 82' lang='lat' dir='ltr'><strong>explicabit</strong></span> <span class='ocrx_word' id='word_1_107' title='bbox 675 1101 844 1147; x_wconf 74' lang='lat' dir='ltr'><strong>Schom.</strong></span> <span class='ocrx_word' id='word_1_108' title='bbox 874 1102 927 1147; x_wconf 90' lang='lat' dir='ltr'><strong>de</strong></span> <span class='ocrx_word' id='word_1_109' title='bbox 956 1102 1117 1147; x_wconf 88' lang='lat' dir='ltr'><strong>Comm.</strong></span> <span class='ocrx_word' id='word_1_110' title='bbox 1142 1118 1185 1162; x_wconf 85' lang='lat' dir='ltr'><strong>p.</strong></span> <span class='ocrx_word' id='word_1_111' title='bbox 1215 1104 1298 1147; x_wconf 83' lang='lat'><strong>151</strong></span> <span class='ocrx_word' id='word_1_112' title='bbox 1326 1119 1442 1163; x_wconf 83' lang='lat' dir='ltr'>seqq.</span> 
     </span>
    </p>

    <p class='ocr_par' dir='ltr' id='par_1_8' title="bbox 219 1176 1653 1905">
     <span class='ocr_line' id='line_1_14' title="bbox 277 1176 1648 1234; baseline 0.002 -13"><span class='ocrx_word' id='word_1_113' title='bbox 277 1180 329 1221; x_wconf 94' lang='lat' dir='ltr'><strong>In</strong></span> <span class='ocrx_word' id='word_1_114' title='bbox 358 1176 629 1234; x_wconf 81' lang='lat' dir='ltr'><strong>sequentibus</strong></span> <span class='ocrx_word' id='word_1_115' title='bbox 658 1178 701 1233; x_wconf 64' lang='lat'><strong>§5</strong></span> <span class='ocrx_word' id='word_1_116' title='bbox 726 1178 954 1234; x_wconf 83' lang='lat' dir='ltr'><strong>exponitur</strong></span> <span class='ocrx_word' id='word_1_117' title='bbox 982 1177 1040 1221; x_wconf 89' lang='lat' dir='ltr'><strong>de·</strong></span> <span class='ocrx_word' id='word_1_118' title='bbox 1063 1178 1262 1222; x_wconf 89' lang='lat' dir='ltr'><strong>Dioclidis</strong></span> <span class='ocrx_word' id='word_1_119' title='bbox 1290 1179 1510 1224; x_wconf 82' lang='lat' dir='ltr'><strong>delatione.</strong></span> <span class='ocrx_word' id='word_1_120' title='bbox 1551 1180 1648 1234; x_wconf 86' lang='lat' dir='ltr'><strong>Qua</strong></span> 
     </span>
     <span class='ocr_line' id='line_1_15' title="bbox 219 1251 1645 1312; baseline 0.002 -17"><span class='ocrx_word' id='word_1_121' title='bbox 219 1252 265 1296; x_wconf 89' lang='lat' dir='ltr'><strong>in</strong></span> <span class='ocrx_word' id='word_1_122' title='bbox 304 1267 352 1296; x_wconf 91' lang='lat' dir='ltr'><strong>re</strong></span> <span class='ocrx_word' id='word_1_123' title='bbox 387 1251 631 1312; x_wconf 86' lang='lat' dir='ltr'><strong>urgendum</strong></span> <span class='ocrx_word' id='word_1_124' title='bbox 670 1259 754 1305; x_wconf 90' lang='lat' dir='ltr'><strong>est,</strong></span> <span class='ocrx_word' id='word_1_125' title='bbox 801 1251 1061 1296; x_wconf 82' lang='lat' dir='ltr'><strong>Andocidem</strong></span> <span class='ocrx_word' id='word_1_126' title='bbox 1103 1252 1212 1296; x_wconf 84' lang='lat' dir='ltr'><strong>illud</strong></span> <span class='ocrx_word' id='word_1_127' title='bbox 1254 1253 1394 1311; x_wconf 89' lang='lat' dir='ltr'><strong>ipsum</strong></span> <span class='ocrx_word' id='word_1_128' title='bbox 1432 1254 1645 1306; x_wconf 83' lang='lat' dir='ltr'><strong>omittere,</strong></span> 
     </span>
     <span class='ocr_line' id='line_1_16' title="bbox 223 1326 1647 1386; baseline 0 -15"><span class='ocrx_word' id='word_1_129' title='bbox 223 1326 339 1371; x_wconf 89' lang='lat' dir='ltr'><strong>unde</strong></span> <span class='ocrx_word' id='word_1_130' title='bbox 363 1329 503 1371; x_wconf 87' lang='lat' dir='ltr'><strong>statim</strong></span> <span class='ocrx_word' id='word_1_131' title='bbox 534 1327 647 1371; x_wconf 86' lang='lat' dir='ltr'><strong>mala</strong></span> <span class='ocrx_word' id='word_1_132' title='bbox 675 1326 778 1371; x_wconf 89' lang='lat' dir='ltr'><strong>fides</strong></span> <span class='ocrx_word' id='word_1_133' title='bbox 806 1327 1001 1371; x_wconf 79' lang='lat' dir='ltr'><strong>Dioclidis</strong></span> <span class='ocrx_word' id='word_1_134' title='bbox 1033 1342 1237 1385; x_wconf 81' lang='lat' dir='ltr'><strong>apparere</strong></span> <span class='ocrx_word' id='word_1_135' title='bbox 1265 1335 1474 1386; x_wconf 81' lang='lat' dir='ltr'><strong>potuerat.</strong></span> <span class='ocrx_word' id='word_1_136' title='bbox 1529 1328 1647 1372; x_wconf 90' lang='lat' dir='ltr'><strong>Plut-</strong></span> 
     </span>
     <span class='ocr_line' id='line_1_17' title="bbox 221 1401 1651 1460; baseline 0.001 -15"><span class='ocrx_word' id='word_1_137' title='bbox 221 1401 396 1454; x_wconf 85' lang='lat' dir='ltr'><strong>archus,</strong></span> <span class='ocrx_word' id='word_1_138' title='bbox 440 1418 628 1460; x_wconf 90' lang='lat' dir='ltr'><strong>quocum</strong></span> <span class='ocrx_word' id='word_1_139' title='bbox 656 1402 861 1445; x_wconf 78' lang='lat' dir='ltr'><strong>consentit</strong></span> <span class='ocrx_word' id='word_1_140' title='bbox 895 1401 1107 1445; x_wconf 76' lang='lat' dir='ltr'><strong>Diodorus</strong></span> <span class='ocrx_word' id='word_1_141' title='bbox 1132 1402 1319 1455; x_wconf 86' lang='lat' dir='ltr'><strong>Siculus,</strong></span> <span class='ocrx_word' id='word_1_142' title='bbox 1359 1403 1469 1446; x_wconf 87' lang='lat' dir='ltr'><strong>locis·</strong></span> <span class='ocrx_word' id='word_1_143' title='bbox 1486 1403 1651 1460; x_wconf 83' lang='lat' dir='ltr'><strong>saepius</strong></span> 
     </span>
     <span class='ocr_line' id='line_1_18' title="bbox 219 1475 1648 1535; baseline 0.001 -16"><span class='ocrx_word' id='word_1_144' title='bbox 219 1477 305 1523; x_wconf 88' lang='lat' dir='ltr'><strong>iam</strong></span> <span class='ocrx_word' id='word_1_145' title='bbox 334 1476 538 1529; x_wconf 78' lang='lat' dir='ltr'><strong>laudatis,</strong></span> <span class='ocrx_word' id='word_1_146' title='bbox 563 1482 731 1529; x_wconf 84' lang='lat' dir='ltr'><strong>narrat,</strong></span> <span class='ocrx_word' id='word_1_147' title='bbox 751 1475 1002 1529; x_wconf 85' lang='lat' dir='ltr'><strong>Dioclidem,</strong></span> <span class='ocrx_word' id='word_1_148' title='bbox 1036 1485 1135 1520; x_wconf 84' lang='lat' dir='ltr'><strong>cum</strong></span> <span class='ocrx_word' id='word_1_149' title='bbox 1155 1476 1511 1535; x_wconf 84' lang='lat' dir='ltr'><strong>interrogaretur,</strong></span> <span class='ocrx_word' id='word_1_150' title='bbox 1537 1492 1648 1534; x_wconf 88' lang='lat' dir='ltr'><strong>quo·-</strong></span> 
     </span>
     <span class='ocr_line' id='line_1_19' title="bbox 220 1548 1648 1608; baseline -0.001 -14"><span class='ocrx_word' id='word_1_151' title='bbox 220 1550 348 1594; x_wconf 89' lang='lat' dir='ltr'><strong>modo</strong></span> <span class='ocrx_word' id='word_1_152' title='bbox 372 1549 780 1607; x_wconf 77' lang='lat' dir='ltr'><strong>Hermocopidarum</strong></span> <span class='ocrx_word' id='word_1_153' title='bbox 795 1548 1214 1608; x_wconf 84' lang='lat' dir='ltr'><strong>vultusdistinguere</strong></span> <span class='ocrx_word' id='word_1_154' title='bbox 1235 1550 1455 1607; x_wconf 87' lang='lat' dir='ltr'><strong>potuisset,</strong></span> <span class='ocrx_word' id='word_1_155' title='bbox 1478 1565 1648 1607; x_wconf 88' lang='lat' dir='ltr'><strong>respon-</strong></span> 
     </span>
     <span class='ocr_line' id='line_1_20' title="bbox 221 1622 1650 1681; baseline -0.001 -12"><span class='ocrx_word' id='word_1_156' title='bbox 221 1626 328 1669; x_wconf 81' lang='lat' dir='ltr'><strong>disse</strong></span> <span class='ocrx_word' id='word_1_157' title='bbox 367 1623 459 1679; x_wconf 87' lang='lat' dir='ltr'><strong>„ad</strong></span> <span class='ocrx_word' id='word_1_158' title='bbox 495 1623 624 1667; x_wconf 83' lang='lat' dir='ltr'><strong>lunae</strong></span> <span class='ocrx_word' id='word_1_159' title='bbox 652 1622 838 1667; x_wconf 82' lang='lat' dir='ltr'><strong>lucem.&#39;&#39;</strong></span> <span class='ocrx_word' id='word_1_160' title='bbox 861 1660 863 1662; x_wconf 62' lang='grc'>,</span> <span class='ocrx_word' id='word_1_161' title='bbox 901 1622 1031 1678; x_wconf 82' lang='lat' dir='ltr'><strong>Quod</strong></span> <span class='ocrx_word' id='word_1_162' title='bbox 1056 1637 1159 1667; x_wconf 75' lang='lat' dir='ltr'><strong>cum,</strong></span> <span class='ocrx_word' id='word_1_163' title='bbox 1184 1623 1442 1681; x_wconf 84' lang='lat' dir='ltr'><strong>imprudenti</strong></span> <span class='ocrx_word' id='word_1_164' title='bbox 1471 1624 1510 1667; x_wconf 86' lang='lat' dir='ltr'><strong>ei</strong></span> <span class='ocrx_word' id='word_1_165' title='bbox 1538 1624 1650 1668; x_wconf 84' lang='lat' dir='ltr'><strong>exci-</strong></span> 
     </span>
     <span class='ocr_line' id='line_1_21' title="bbox 220 1694 1651 1750; baseline -0.001 -6"><span class='ocrx_word' id='word_1_166' title='bbox 220 1699 346 1744; x_wconf 76' lang='lat' dir='ltr'><strong>disset</strong></span> <span class='ocrx_word' id='word_1_167' title='bbox 374 1714 473 1743; x_wconf 88' lang='lat' dir='ltr'><strong>cum</strong></span> <span class='ocrx_word' id='word_1_168' title='bbox 502 1700 685 1742; x_wconf 88' lang='lat' dir='ltr'><strong>Hermae</strong></span> <span class='ocrx_word' id='word_1_169' title='bbox 709 1696 859 1741; x_wconf 87' lang='lat' dir='ltr'><strong>deiecti</strong></span> <span class='ocrx_word' id='word_1_170' title='bbox 886 1704 1022 1741; x_wconf 90' lang='lat' dir='ltr'><strong>essent</strong></span> <span class='ocrx_word' id='word_1_171' title='bbox 1048 1698 1199 1741; x_wconf 86' lang='lat' dir='ltr'><strong>ultimo</strong></span> <span class='ocrx_word' id='word_1_172' title='bbox 1223 1699 1376 1742; x_wconf 85' lang='lat' dir='ltr'><strong>mensis</strong></span> <span class='ocrx_word' id='word_1_173' title='bbox 1395 1694 1480 1750; x_wconf 79' lang='lat' dir='ltr'><strong>die,</strong></span> <span class='ocrx_word' id='word_1_174' title='bbox 1511 1699 1651 1742; x_wconf 84' lang='lat' dir='ltr'><strong>statim</strong></span> 
     </span>
     <span class='ocr_line' id='line_1_22' title="bbox 219 1771 1652 1826; baseline -0.001 -7"><span class='ocrx_word' id='word_1_175' title='bbox 219 1774 344 1819; x_wconf 89' lang='lat' dir='ltr'><strong>illum</strong></span> <span class='ocrx_word' id='word_1_176' title='bbox 373 1773 499 1817; x_wconf 87' lang='lat' dir='ltr'><strong>fuisse</strong></span> <span class='ocrx_word' id='word_1_177' title='bbox 529 1773 789 1818; x_wconf 85' lang='lat' dir='ltr'><strong>convictum.</strong></span> <span class='ocrx_word' id='word_1_178' title='bbox 844 1771 1078 1817; x_wconf 88' lang='lat' dir='ltr'><strong>Andocides</strong></span> <span class='ocrx_word' id='word_1_179' title='bbox 1112 1779 1261 1819; x_wconf 86' lang='lat' dir='ltr'><strong>contra</strong></span> <span class='ocrx_word' id='word_1_180' title='bbox 1288 1779 1456 1826; x_wconf 83' lang='lat' dir='ltr'><strong>narrat,</strong></span> <span class='ocrx_word' id='word_1_181' title='bbox 1497 1771 1652 1818; x_wconf 83' lang='lat' dir='ltr'><strong>Diocli-</strong></span> 
     </span>
     <span class='ocr_line' id='line_1_23' title="bbox 223 1847 1653 1905; baseline -0.002 -11"><span class='ocrx_word' id='word_1_182' title='bbox 223 1849 320 1894; x_wconf 90' lang='lat' dir='ltr'><strong>dem</strong></span> <span class='ocrx_word' id='word_1_183' title='bbox 352 1850 397 1892; x_wconf 89' lang='lat' dir='ltr'><strong>in</strong></span> <span class='ocrx_word' id='word_1_184' title='bbox 429 1849 588 1892; x_wconf 88' lang='lat' dir='ltr'><strong>Senatu</strong></span> <span class='ocrx_word' id='word_1_185' title='bbox 617 1854 763 1904; x_wconf 89' lang='lat' dir='ltr'><strong>sponte</strong></span> <span class='ocrx_word' id='word_1_186' title='bbox 793 1847 1077 1904; x_wconf 88' lang='lat' dir='ltr'><strong>plenilunium</strong></span> <span class='ocrx_word' id='word_1_187' title='bbox 1106 1861 1378 1901; x_wconf 86' lang='lat' dir='ltr'><strong>memorasse;</strong></span> <span class='ocrx_word' id='word_1_188' title='bbox 1426 1848 1540 1905; x_wconf 91' lang='lat' dir='ltr'><strong>quod</strong></span> <span class='ocrx_word' id='word_1_189' title='bbox 1576 1847 1653 1891; x_wconf 88' lang='lat' dir='ltr'><strong>etsi</strong></span> 
     </span>
    </p>

    <p class='ocr_par' dir='ltr' id='par_1_9' title="bbox 171 1873 1653 2278">
     <span class='ocr_line' id='line_1_24' title="bbox 171 1873 1652 1985; baseline -0.002 -16"><span class='ocrx_word' id='word_1_190' title='bbox 171 1873 180 1982; x_wconf 62' lang='lat' dir='ltr'><strong>l</strong></span> <span class='ocrx_word' id='word_1_191' title='bbox 221 1924 363 1969; x_wconf 81' lang='lat' dir='ltr'><strong>minus</strong></span> <span class='ocrx_word' id='word_1_192' title='bbox 392 1923 445 1966; x_wconf 87' lang='lat' dir='ltr'><strong>sit</strong></span> <span class='ocrx_word' id='word_1_193' title='bbox 473 1921 700 1965; x_wconf 89' lang='lat' dir='ltr'><strong>verisimile</strong></span> <span class='ocrx_word' id='word_1_194' title='bbox 729 1928 771 1965; x_wconf 89' lang='lat' dir='ltr'><strong>et</strong></span> <span class='ocrx_word' id='word_1_195' title='bbox 799 1921 933 1966; x_wconf 77' lang='lat' dir='ltr'><strong>stulte</strong></span> <span class='ocrx_word' id='word_1_196' title='bbox 962 1921 1144 1974; x_wconf 80' lang='lat' dir='ltr'><strong>factum,</strong></span> <span class='ocrx_word' id='word_1_197' title='bbox 1187 1927 1331 1966; x_wconf 88' lang='lat' dir='ltr'><strong>tamen</strong></span> <span class='ocrx_word' id='word_1_198' title='bbox 1361 1921 1535 1966; x_wconf 76' lang='lat' dir='ltr'><strong>fortasse</strong></span> <span class='ocrx_word' id='word_1_199' title='bbox 1561 1921 1652 1985; x_wconf 66' lang='lat' dir='ltr'><strong>fieri</strong></span> 
     </span>
     <span class='ocr_line' id='line_1_25' title="bbox 221 1996 1653 2057; baseline -0.002 -14"><span class='ocrx_word' id='word_1_200' title='bbox 221 1999 371 2057; x_wconf 73' lang='lat' dir='ltr'><strong>potuit.</strong></span> <span class='ocrx_word' id='word_1_201' title='bbox 432 1998 595 2041; x_wconf 86' lang='lat' dir='ltr'><strong>Iustam</strong></span> <span class='ocrx_word' id='word_1_202' title='bbox 620 2011 723 2041; x_wconf 82' lang='lat' dir='ltr'><strong>vero</strong></span> <span class='ocrx_word' id='word_1_203' title='bbox 748 1996 1025 2054; x_wconf 85' lang='lat' dir='ltr'><strong>suspicionem</strong></span> <span class='ocrx_word' id='word_1_204' title='bbox 1050 2003 1212 2049; x_wconf 89' lang='lat' dir='ltr'><strong>movet,</strong></span> <span class='ocrx_word' id='word_1_205' title='bbox 1246 1996 1502 2041; x_wconf 78' lang='lat' dir='ltr'><strong>Andocidem</strong></span> <span class='ocrx_word' id='word_1_206' title='bbox 1525 2012 1653 2041; x_wconf 69' lang='lat' dir='ltr'><strong>num·-</strong></span> 
     </span>
     <span class='ocr_line' id='line_1_26' title="bbox 223 2070 1652 2132; baseline -0.001 -15"><span class='ocrx_word' id='word_1_207' title='bbox 223 2087 353 2132; x_wconf 88' lang='lat' dir='ltr'><strong>quam</strong></span> <span class='ocrx_word' id='word_1_208' title='bbox 383 2072 464 2116; x_wconf 87' lang='lat' dir='ltr'><strong>hoc</strong></span> <span class='ocrx_word' id='word_1_209' title='bbox 493 2077 689 2130; x_wconf 84' lang='lat' dir='ltr'><strong>apertum</strong></span> <span class='ocrx_word' id='word_1_210' title='bbox 719 2070 985 2116; x_wconf 82' lang='lat' dir='ltr'><strong>mendacium</strong></span> <span class='ocrx_word' id='word_1_211' title='bbox 1010 2071 1215 2116; x_wconf 87' lang='lat' dir='ltr'><strong>iudicibus</strong></span> <span class='ocrx_word' id='word_1_212' title='bbox 1243 2072 1287 2116; x_wconf 90' lang='lat' dir='ltr'><strong>in</strong></span> <span class='ocrx_word' id='word_1_213' title='bbox 1311 2072 1561 2117; x_wconf 82' lang='lat' dir='ltr'><strong>memoriam</strong></span> <span class='ocrx_word' id='word_1_214' title='bbox 1584 2087 1652 2116; x_wconf 85' lang='lat' dir='ltr'><strong>re-</strong></span> 
     </span>
     <span class='ocr_line' id='line_1_27' title="bbox 225 2146 1651 2207; baseline -0.001 -14"><span class='ocrx_word' id='word_1_215' title='bbox 225 2163 379 2193; x_wconf 88' lang='lat' dir='ltr'><strong>vocare</strong></span> <span class='ocrx_word' id='word_1_216' title='bbox 404 2147 488 2207; x_wconf 87' lang='lat'>⁷⁷),</span> <span class='ocrx_word' id='word_1_217' title='bbox 530 2147 746 2206; x_wconf 86' lang='lat' dir='ltr'><strong>ignorasse</strong></span> <span class='ocrx_word' id='word_1_218' title='bbox 787 2152 929 2190; x_wconf 88' lang='lat' dir='ltr'><strong>autem</strong></span> <span class='ocrx_word' id='word_1_219' title='bbox 970 2153 1044 2191; x_wconf 88' lang='lat' dir='ltr'><strong>aut</strong></span> <span class='ocrx_word' id='word_1_220' title='bbox 1076 2146 1361 2205; x_wconf 80' lang='lat' dir='ltr'><strong>praeteriisse,</strong></span> <span class='ocrx_word' id='word_1_221' title='bbox 1400 2147 1472 2191; x_wconf 88' lang='lat' dir='ltr'><strong>vix</strong></span> <span class='ocrx_word' id='word_1_222' title='bbox 1501 2160 1651 2191; x_wconf 83' lang='lat' dir='ltr'><strong>conce-</strong></span> 
     </span>
     <span class='ocr_line' id='line_1_28' title="bbox 225 2220 858 2278; baseline -0.003 -10"><span class='ocrx_word' id='word_1_223' title='bbox 225 2222 411 2268; x_wconf 88' lang='lat' dir='ltr'><strong>dendum</strong></span> <span class='ocrx_word' id='word_1_224' title='bbox 442 2228 525 2274; x_wconf 89' lang='lat' dir='ltr'><strong>est,</strong></span> <span class='ocrx_word' id='word_1_225' title='bbox 556 2221 626 2265; x_wconf 86' lang='lat' dir='ltr'><strong>vel</strong></span> <span class='ocrx_word' id='word_1_226' title='bbox 658 2220 712 2265; x_wconf 94' lang='lat' dir='ltr'><strong>ob</strong></span> <span class='ocrx_word' id='word_1_227' title='bbox 737 2222 758 2278; x_wconf 58' lang='grc' dir='ltr'><em>ᾗ</em></span> <span class='ocrx_word' id='word_1_228' title='bbox 786 2221 858 2266; x_wconf 86' lang='grc'><strong>64.</strong></span> 
     </span>
    </p>

    <p class='ocr_par' dir='ltr' id='par_1_10' title="bbox 225 2295 1653 2582">
     <span class='ocr_line' id='line_1_29' title="bbox 283 2295 1653 2355; baseline -0.001 -14"><span class='ocrx_word' id='word_1_229' title='bbox 283 2297 450 2345; x_wconf 90' lang='lat' dir='ltr'><strong>Vellem</strong></span> <span class='ocrx_word' id='word_1_230' title='bbox 495 2295 598 2340; x_wconf 89' lang='lat' dir='ltr'><strong>mihi</strong></span> <span class='ocrx_word' id='word_1_231' title='bbox 636 2295 812 2340; x_wconf 87' lang='lat' dir='ltr'><strong>daretur</strong></span> <span class='ocrx_word' id='word_1_232' title='bbox 853 2296 1144 2354; x_wconf 80' lang='lat' dir='ltr'><strong>opportunitas</strong></span> <span class='ocrx_word' id='word_1_233' title='bbox 1176 2295 1414 2355; x_wconf 78' lang='lat' dir='ltr'><strong>disputandi</strong></span> <span class='ocrx_word' id='word_1_234' title='bbox 1452 2297 1505 2341; x_wconf 90' lang='lat' dir='ltr'><strong>de</strong></span> <span class='ocrx_word' id='word_1_235' title='bbox 1549 2296 1653 2340; x_wconf 86' lang='lat' dir='ltr'><strong>locis</strong></span> 
     </span>
     <span class='ocr_line' id='line_1_30' title="bbox 225 2370 1649 2431; baseline -0.001 -14"><span class='ocrx_word' id='word_1_236' title='bbox 225 2373 299 2417; x_wconf 89' lang='lat' dir='ltr'><strong>ubi</strong></span> <span class='ocrx_word' id='word_1_237' title='bbox 343 2373 445 2416; x_wconf 89' lang='lat' dir='ltr'><strong>sitae</strong></span> <span class='ocrx_word' id='word_1_238' title='bbox 491 2370 666 2415; x_wconf 87' lang='lat' dir='ltr'><strong>fuerunt</strong></span> <span class='ocrx_word' id='word_1_239' title='bbox 709 2370 859 2415; x_wconf 86' lang='lat' dir='ltr'><strong>domus</strong></span> <span class='ocrx_word' id='word_1_240' title='bbox 896 2370 1121 2416; x_wconf 84' lang='lat' dir='ltr'><strong>Andocidis</strong></span> <span class='ocrx_word' id='word_1_241' title='bbox 1149 2378 1192 2415; x_wconf 92' lang='lat' dir='ltr'><strong>et</strong></span> <span class='ocrx_word' id='word_1_242' title='bbox 1219 2371 1461 2431; x_wconf 79' lang='lat' dir='ltr'><strong>Polytionis.</strong></span> <span class='ocrx_word' id='word_1_243' title='bbox 1531 2371 1649 2415; x_wconf 84' lang='lat' dir='ltr'><strong>Infe-</strong></span> 
     </span>
     <span class='ocr_line' id='line_1_31' title="bbox 227 2445 1651 2498; baseline -0.002 -6"><span class='ocrx_word' id='word_1_244' title='bbox 227 2448 298 2492; x_wconf 84' lang='lat' dir='ltr'><strong>liei</strong></span> <span class='ocrx_word' id='word_1_245' title='bbox 336 2447 449 2490; x_wconf 87' lang='lat' dir='ltr'><strong>enim</strong></span> <span class='ocrx_word' id='word_1_246' title='bbox 490 2461 591 2490; x_wconf 87' lang='lat' dir='ltr'><strong>casu</strong></span> <span class='ocrx_word' id='word_1_247' title='bbox 630 2445 790 2490; x_wconf 87' lang='lat' dir='ltr'><strong>factum</strong></span> <span class='ocrx_word' id='word_1_248' title='bbox 825 2452 887 2489; x_wconf 91' lang='lat' dir='ltr'><strong>est</strong></span> <span class='ocrx_word' id='word_1_249' title='bbox 916 2452 985 2498; x_wconf 88' lang='lat' dir='ltr'><strong>ut,</strong></span> <span class='ocrx_word' id='word_1_250' title='bbox 1028 2461 1126 2490; x_wconf 92' lang='lat' dir='ltr'><strong>cum</strong></span> <span class='ocrx_word' id='word_1_251' title='bbox 1152 2461 1220 2490; x_wconf 90' lang='lat' dir='ltr'><strong>res</strong></span> <span class='ocrx_word' id='word_1_252' title='bbox 1248 2446 1423 2491; x_wconf 88' lang='lat' dir='ltr'><strong>maximi</strong></span> <span class='ocrx_word' id='word_1_253' title='bbox 1450 2447 1651 2490; x_wconf 88' lang='lat' dir='ltr'><strong>momenti</strong></span> 
     </span>
     <span class='ocr_line' id='line_1_32' title="bbox 231 2519 1648 2582; baseline 0.001 -15"><span class='ocrx_word' id='word_1_254' title='bbox 231 2525 505 2582; x_wconf 85' lang='lat' dir='ltr'><strong>ignorentur,</strong></span> <span class='ocrx_word' id='word_1_255' title='bbox 551 2520 604 2565; x_wconf 90' lang='lat' dir='ltr'><strong>de</strong></span> <span class='ocrx_word' id='word_1_256' title='bbox 634 2519 787 2564; x_wconf 88' lang='lat' dir='ltr'><strong>talibus</strong></span> <span class='ocrx_word' id='word_1_257' title='bbox 825 2536 947 2580; x_wconf 86' lang='lat' dir='ltr'><strong>saepe</strong></span> <span class='ocrx_word' id='word_1_258' title='bbox 981 2522 1078 2566; x_wconf 86' lang='lat' dir='ltr'><strong>satis</strong></span> <span class='ocrx_word' id='word_1_259' title='bbox 1117 2527 1234 2565; x_wconf 87' lang='lat' dir='ltr'><strong>certo</strong></span> <span class='ocrx_word' id='word_1_260' title='bbox 1276 2521 1404 2578; x_wconf 81' lang='lat' dir='ltr'><strong>possit</strong></span> <span class='ocrx_word' id='word_1_261' title='bbox 1446 2527 1648 2568; x_wconf 82' lang='lat' dir='ltr'><strong>constare.</strong></span> 
     </span>
    </p>
   </div>
   <div class='ocr_carea' id='block_1_3' title="bbox 207 565 379 576">
    <p class='ocr_par' dir='ltr' id='par_1_11' title="bbox 207 565 379 576">
     <span class='ocr_line' id='line_1_33' title="bbox 207 565 379 576; baseline 0 2460"><span class='ocrx_word' id='word_1_262' title='bbox 207 565 379 576; x_wconf 95' lang='lat' dir='ltr'><strong> </strong></span> 
     </span>
    </p>
   </div>
   <div class='ocr_carea' id='block_1_4' title="bbox 270 2754 1321 2803">
    <p class='ocr_par' dir='ltr' id='par_1_12' title="bbox 270 2754 1321 2803">
     <span class='ocr_line' id='line_1_34' title="bbox 270 2754 1321 2803; baseline 0 -14"><span class='ocrx_word' id='word_1_263' title='bbox 270 2757 314 2803; x_wconf 66' lang='lat'><strong>77)</strong></span> <span class='ocrx_word' id='word_1_264' title='bbox 338 2757 534 2791; x_wconf 78' lang='lat' dir='ltr'><strong>Observatum</strong></span> <span class='ocrx_word' id='word_1_265' title='bbox 556 2764 600 2789; x_wconf 77' lang='lat' dir='ltr'><strong>est</strong></span> <span class='ocrx_word' id='word_1_266' title='bbox 624 2758 683 2789; x_wconf 79' lang='lat' dir='ltr'><strong>iam</strong></span> <span class='ocrx_word' id='word_1_267' title='bbox 709 2768 727 2788; x_wconf 82' lang='lat' dir='ltr'><strong>a</strong></span> <span class='ocrx_word' id='word_1_268' title='bbox 745 2756 888 2789; x_wconf 81' lang='lat' dir='ltr'><strong>corsinio.</strong></span> <span class='ocrx_word' id='word_1_269' title='bbox 924 2756 973 2789; x_wconf 78' lang='lat' dir='ltr'><strong>Cf.</strong></span> <span class='ocrx_word' id='word_1_270' title='bbox 997 2756 1102 2798; x_wconf 80' lang='lat' dir='ltr'><strong>ornys.</strong></span> <span class='ocrx_word' id='word_1_271' title='bbox 1124 2754 1160 2788; x_wconf 86' lang='lat' dir='ltr'><strong>ll.</strong></span> <span class='ocrx_word' id='word_1_272' title='bbox 1189 2766 1219 2800; x_wconf 85' lang='lat' dir='ltr'><strong>p.</strong></span> <span class='ocrx_word' id='word_1_273' title='bbox 1246 2756 1321 2789; x_wconf 83' lang='lat'><strong>168.</strong></span> 
     </span>
    </p>
   </div>
  </div>
 </body>
</html>
